1710 2604
206 156 281 193 130

774 152 950 182 HORACE

417 255 596 294 Exercet
617 254 782 299 Auster,
806 252 1023 292 Pleiadum
1043 252 1170 292 choro

418 318 642 357 Scindente
661 316 807 363 nubes,
829 316 989 368 inpiger
1007 316 1194 356 hostium

470 381 632 420 Vexare
653 385 814 419 turmas
834 384 876 419 et
897 379 1146 419 frementem

524 444 691 483 Mittere
711 456 867 496 equum
888 443 1047 482 medios
1066 455 1140 495 per
1159 442 1287 494 ignes.

417 554 483 597 Sic
504 553 761 593 tauriformis
780 552 968 592 volvitur
986 552 1176 599 Aufidus,

416 617 497 669 Qui
516 630 644 669 regna
663 617 805 656 Dauni
825 616 1020 668 praefluit
1040 616 1179 668 Apuli,

469 681 574 721 Cum
593 680 729 720 saevit
748 680 1085 732 horrendamque
1105 679 1230 719 cultis

523 744 736 784 Diluviem
756 744 989 784 meditatur
1008 743 1129 795 agris,

415 862 474 902 Ut
494 860 771 900 barbarorum
791 859 989 901 Claudius
1009 859 1178 911 agmina

414 925 588 965 Ferrata
608 929 731 964 vasto
751 924 880 964 diruit
900 923 1064 976 impetu

467 988 712 1039 Primosque
732 992 775 1027 et
795 991 1005 1027 extremos
1025 987 1224 1026 metendo

520 1051 682 1091 Stravit
701 1050 879 1090 humum
898 1050 987 1091 sine
1007 1051 1124 1090 clade
1144 1050 1293 1097 victor,

412 1169 469 1208 Te
490 1168 644 1220 copias,
667 1172 709 1207 te
729 1166 948 1207 consilium
968 1171 1010 1207 et
1031 1171 1127 1206 tuos

413 1231 646 1271 Praebente
666 1230 799 1271 divos.
857 1230 968 1269 Nam
990 1229 1080 1276 tibi,
1102 1243 1187 1282 quo
1207 1229 1273 1270 die

466 1295 619 1334 Portus
638 1294 902 1333 Alexandrea
921 1294 1099 1345 supplex

518 1358 575 1397 Et
595 1356 997 1409 vacuam-patefecit
1018 1357 1171 1404 aulam,

412 1475 601 1514 Fortuna
620 1474 753 1513 lustro
772 1485 972 1525 prospera
991 1472 1118 1512 tertio

411 1537 517 1577 Belli
535 1536 741 1577 secundos
760 1536 943 1576 reddidit
963 1535 1115 1582 exitus,

464 1601 737 1651 Laudemque
757 1604 799 1639 et
820 1604 1018 1651 optatum
1038 1598 1218 1651 peractis

520 1663 711 1716 Imperiis
731 1664 857 1704 decus
877 1663 1112 1715 adrogavit.

410 1780 468 1820 Te
489 1778 700 1819 Cantaber
718 1792 803 1818 non
824 1783 923 1818 ante
943 1778 1166 1818 domabilis

410 1844 642 1894 Medusque
662 1847 704 1882 et
726 1842 870 1888 Indus,
893 1846 934 1882 te
954 1842 1156 1894 profugus
1177 1842 1353 1894 Scythes

464 1907 655 1953 Miratur,
677 1919 702 1946 o
723 1907 858 1946 tutela
877 1919 1073 1957 praesens

519 1971 668 2010 Italiae
688 1970 967 2022 dominaeque
990 1970 1162 2009 Romae.

409 2087 480 2133 Te,
503 2086 686 2126 fontium
707 2085 779 2138 qui
799 2086 908 2125 celat
929 2085 1120 2136 origines,

411 2150 615 2202 Nilusque
635 2154 678 2188 et
700 2149 819 2195 Ister,
843 2154 884 2188 te
904 2149 1077 2200 rapidus
1097 2148 1242 2200 Tigris,

464 2213 521 2252 Te
543 2213 738 2252 beluosus
759 2212 831 2264 qui
851 2212 1024 2252 remotis

519 2275 739 2326 Obstrepit
761 2275 952 2314 Oceanus
973 2274 1202 2322 Britannis,

1469 561 1519 602 25

1467 934 1519 973 30

1465 1304 1516 1344 35

1464 1674 1518 1715 40

1466 2093 1517 2136 45
