1710 2604
820 167 994 197 HORACE

412 279 556 318 Serves
576 279 733 318 iturum
754 278 972 318 Caesarem
992 279 1034 318 in
1054 279 1225 319 ultimos

411 342 533 382 Orbis
553 342 779 381 Britannos
799 347 840 381 et
861 342 1060 381 iuvenum
1081 355 1222 382 recens

464 405 665 451 Examen,
688 405 786 444 Eois
807 405 1042 444 timendum

518 468 712 507 Partibus
731 469 981 520 Oceanoque
1002 468 1139 508 rubro.

412 546 530 584 Eheu
551 545 792 584 cicatricum
813 550 854 585 et
875 545 1036 585 sceleris
1056 546 1188 597 pudet

411 612 700 663 Fratrumque.
759 611 870 663 Quid
890 624 965 651 nos
985 612 1091 651 dura
1110 612 1338 664 refugimus

462 675 622 714 Aetas?
655 675 756 726 quid
776 675 984 714 intactum
1004 675 1157 715 nefasti

517 738 733 789 Liquimus
750 738 765 777 ?
798 738 908 777 unde
929 751 1101 777 manum
1122 738 1320 778 iuventus

411 817 527 855 Metu
548 816 720 855 deorum
741 816 948 855 continuit
966 816 980 855 ?
1013 816 1166 867 quibus

412 878 602 930 Pepercit
623 879 703 917 aris
721 878 735 918 ?
767 879 802 918 O
825 879 988 918 utinam
1008 892 1119 918 nova

464 943 620 982 Incude
640 943 831 994 diffingas
851 947 1038 982 retusum
1059 943 1101 981 in

516 1007 771 1057 Massagetas
791 1006 1034 1058 Arabasque
1056 1006 1210 1045 ferrum
1231 1005 1240 1046 Ξ

813 1139 997 1178 XXXVI.

748 1216 982 1268 (Asclepiad
1010 1216 1063 1266 3.)

410 1295 466 1334 Et
487 1300 579 1334 ture
598 1300 640 1334 et
660 1295 812 1334 fidibus
832 1294 950 1333 iuvat

463 1359 632 1398 Placare
651 1364 693 1398 et
713 1359 835 1398 vituli
855 1358 1054 1409 sanguine
1075 1358 1220 1398 debito

409 1423 611 1462 Custodes
630 1422 838 1461 Numidae
859 1422 970 1468 deos,

462 1485 543 1537 Qui
563 1499 674 1525 nunc
694 1485 896 1537 Hesperia
916 1497 1056 1536 sospes
1076 1485 1129 1524 ab
1150 1485 1300 1524 ultima

408 1563 522 1602 Caris
541 1563 676 1601 multa
695 1562 919 1609 sodalibus,

461 1627 574 1665 Nulli
594 1627 714 1678 plura
734 1631 877 1666 tamen
897 1625 1048 1665 dividit
1069 1626 1211 1665 oscula

408 1690 545 1741 Quam
565 1690 676 1729 dulci
696 1690 877 1736 Lamiae,
899 1702 1058 1728 mernor

460 1754 592 1792 Actae
611 1766 693 1792 non
716 1753 796 1792 alio
817 1765 910 1804 rege
930 1752 1118 1804 puertiae

408 1831 680 1882 Mutataeque
701 1830 823 1869 simul
843 1835 975 1881 togae.

460 1894 603 1933 Cressa
623 1907 674 1933 ne
693 1899 833 1933 careat
854 1893 1027 1945 pulchra
1048 1892 1137 1933 dies
1156 1898 1271 1940 nota,

407 1958 499 1997 Neu
519 1963 739 2009 promptae
761 1958 910 1997 modus
930 1957 1170 2008 amphorae,

459 2021 552 2060 Neu
572 2034 730 2060 morem
751 2021 792 2059 in
814 2020 971 2060 Salium
991 2020 1045 2059 sit
1066 2020 1228 2071 requies
1247 2020 1415 2071 pedum,

406 2099 499 2137 Neu
519 2099 642 2137 multi
664 2098 850 2137 Damalis
870 2098 972 2137 meri

461 2161 640 2200 Bassum
660 2161 849 2200 Threicia
868 2161 1011 2200 vincat
1031 2160 1251 2211 amystide,

405 2224 498 2263 Neu
518 2225 654 2264 desint
674 2225 806 2276 epulis
825 2237 942 2263 rosae

458 2288 551 2327 Neu
572 2288 700 2327 vivax
721 2289 864 2340 apium
884 2301 965 2327 neu
985 2289 1111 2327 breve
1131 2288 1275 2327 lilium.

1513 355 1566 393 30

1511 685 1562 726 35

1507 1018 1563 1058 40

1512 1905 1561 1932 10

1512 2232 1560 2272 15
