<?xml version="1.0" encoding="UTF-8"?>
<!DOCTYPE html PUBLIC "-//W3C//DTD XHTML 1.0 Transitional//EN"
    "http://www.w3.org/TR/xhtml1/DTD/xhtml1-transitional.dtd">
<html xmlns="http://www.w3.org/1999/xhtml" xml:lang="en" lang="en">
 <head>
  <title>
</title>
<meta http-equiv="Content-Type" content="text/html;charset=utf-8" />
  <meta name='ocr-system' content='tesseract 3.04.00' />
  <meta name='ocr-capabilities' content='ocr_page ocr_carea ocr_par ocr_line ocrx_word'/>
</head>
<body>
  <div class='ocr_page' id='page_1' title='image "./odeshor00horauoft_0067.png"; bbox 0 0 1679 2583; ppageno 0'>
   <div class='ocr_carea' id='block_1_1' title="bbox 614 152 915 308">
    <p class='ocr_par' dir='ltr' id='par_1_1' title="bbox 614 152 915 308">
     <span class='ocr_line' id='line_1_1' title="bbox 614 152 915 198; baseline 0.003 -12"><span class='ocrx_word' id='word_1_1' title='bbox 614 158 617 159; x_wconf 45' lang='lat'><em>⁷</em></span> <span class='ocrx_word' id='word_1_2' title='bbox 665 157 775 186; x_wconf 65' lang='lat' dir='ltr'>onas</span> <span class='ocrx_word' id='word_1_3' title='bbox 805 152 848 186; x_wconf 87' lang='lat'>11.</span> <span class='ocrx_word' id='word_1_4' title='bbox 879 156 915 198; x_wconf 84' lang='lat'>9.</span> 
     </span>
     <span class='ocr_line' id='line_1_2' title="bbox 756 269 826 308; baseline 0.014 -1"><span class='ocrx_word' id='word_1_5' title='bbox 756 269 826 308; x_wconf 88' lang='lat' dir='ltr'>IX.</span> 
     </span>
    </p>
   </div>
   <div class='ocr_carea' id='block_1_2' title="bbox 701 379 883 430">
    <p class='ocr_par' dir='ltr' id='par_1_2' title="bbox 701 379 883 430">
     <span class='ocr_line' id='line_1_3' title="bbox 701 379 883 430; baseline 0 -12"><span class='ocrx_word' id='word_1_6' title='bbox 701 379 883 430; x_wconf 78' lang='lat' dir='ltr'>(Alcaic.)</span> 
     </span>
    </p>
   </div>
   <div class='ocr_carea' id='block_1_3' title="bbox 355 488 1199 729">
    <p class='ocr_par' dir='ltr' id='par_1_3' title="bbox 355 488 1199 729">
     <span class='ocr_line' id='line_1_4' title="bbox 356 488 1199 540; baseline -0.002 -12"><span class='ocrx_word' id='word_1_7' title='bbox 356 489 449 528; x_wconf 94' lang='lat' dir='ltr'>Non</span> <span class='ocrx_word' id='word_1_8' title='bbox 469 502 629 540; x_wconf 82' lang='lat' dir='ltr'>semper</span> <span class='ocrx_word' id='word_1_9' title='bbox 647 489 797 528; x_wconf 82' lang='lat' dir='ltr'>imbres</span> <span class='ocrx_word' id='word_1_10' title='bbox 816 489 996 527; x_wconf 91' lang='lat' dir='ltr'>nubibus</span> <span class='ocrx_word' id='word_1_11' title='bbox 1015 488 1199 539; x_wconf 89' lang='lat' dir='ltr'>hispidos</span> 
     </span>
     <span class='ocr_line' id='line_1_5' title="bbox 355 551 1167 603; baseline -0.002 -13"><span class='ocrx_word' id='word_1_12' title='bbox 355 552 528 591; x_wconf 88' lang='lat' dir='ltr'>Manant</span> <span class='ocrx_word' id='word_1_13' title='bbox 548 552 590 590; x_wconf 91' lang='lat' dir='ltr'>in</span> <span class='ocrx_word' id='word_1_14' title='bbox 610 565 728 603; x_wconf 87' lang='lat' dir='ltr'>agros</span> <span class='ocrx_word' id='word_1_15' title='bbox 748 556 821 590; x_wconf 87' lang='lat' dir='ltr'>aut</span> <span class='ocrx_word' id='word_1_16' title='bbox 841 564 953 590; x_wconf 90' lang='lat' dir='ltr'>mare</span> <span class='ocrx_word' id='word_1_17' title='bbox 973 551 1167 602; x_wconf 82' lang='lat' dir='ltr'>Caspium</span> 
     </span>
     <span class='ocr_line' id='line_1_6' title="bbox 408 615 1047 666; baseline -0.002 -13"><span class='ocrx_word' id='word_1_18' title='bbox 408 615 573 654; x_wconf 84' lang='lat' dir='ltr'>Vexant</span> <span class='ocrx_word' id='word_1_19' title='bbox 592 616 829 666; x_wconf 82' lang='lat' dir='ltr'>inaequales</span> <span class='ocrx_word' id='word_1_20' title='bbox 848 615 1047 666; x_wconf 82' lang='lat' dir='ltr'>procellae</span> 
     </span>
     <span class='ocr_line' id='line_1_7' title="bbox 460 677 1105 729; baseline -0.003 -12"><span class='ocrx_word' id='word_1_21' title='bbox 460 679 614 729; x_wconf 84' lang='lat' dir='ltr'>Usque,</span> <span class='ocrx_word' id='word_1_22' title='bbox 635 691 710 717; x_wconf 90' lang='lat' dir='ltr'>nec</span> <span class='ocrx_word' id='word_1_23' title='bbox 729 678 932 716; x_wconf 84' lang='lat' dir='ltr'>Armeniis</span> <span class='ocrx_word' id='word_1_24' title='bbox 950 677 992 716; x_wconf 93' lang='lat' dir='ltr'>in</span> <span class='ocrx_word' id='word_1_25' title='bbox 1012 677 1105 722; x_wconf 86' lang='lat' dir='ltr'>oris,</span> 
     </span>
    </p>
   </div>
   <div class='ocr_carea' id='block_1_4' title="bbox 354 787 1155 1015">
    <p class='ocr_par' dir='ltr' id='par_1_4' title="bbox 354 787 1155 1015">
     <span class='ocr_line' id='line_1_8' title="bbox 355 787 1046 838; baseline -0.001 -12"><span class='ocrx_word' id='word_1_26' title='bbox 355 788 496 826; x_wconf 91' lang='lat' dir='ltr'>Amice</span> <span class='ocrx_word' id='word_1_27' title='bbox 516 788 646 838; x_wconf 91' lang='lat' dir='ltr'>Valgi,</span> <span class='ocrx_word' id='word_1_28' title='bbox 668 792 753 826; x_wconf 87' lang='lat' dir='ltr'>stat</span> <span class='ocrx_word' id='word_1_29' title='bbox 772 787 920 838; x_wconf 83' lang='lat' dir='ltr'>glacies</span> <span class='ocrx_word' id='word_1_30' title='bbox 939 787 1046 825; x_wconf 86' lang='lat' dir='ltr'>iners</span> 
     </span>
     <span class='ocr_line' id='line_1_9' title="bbox 354 849 1155 902; baseline -0.002 -13"><span class='ocrx_word' id='word_1_31' title='bbox 354 851 514 890; x_wconf 90' lang='lat' dir='ltr'>Menses</span> <span class='ocrx_word' id='word_1_32' title='bbox 533 863 605 902; x_wconf 90' lang='lat' dir='ltr'>per</span> <span class='ocrx_word' id='word_1_33' title='bbox 623 863 778 896; x_wconf 90' lang='lat' dir='ltr'>omnes,</span> <span class='ocrx_word' id='word_1_34' title='bbox 800 854 873 889; x_wconf 88' lang='lat' dir='ltr'>aut</span> <span class='ocrx_word' id='word_1_35' title='bbox 894 849 1155 901; x_wconf 86' lang='lat' dir='ltr'>aquilonibus</span> 
     </span>
     <span class='ocr_line' id='line_1_10' title="bbox 407 912 1054 964; baseline -0.003 -12"><span class='ocrx_word' id='word_1_36' title='bbox 407 913 646 964; x_wconf 79' lang='lat' dir='ltr'>Querqueta</span> <span class='ocrx_word' id='word_1_37' title='bbox 665 913 844 964; x_wconf 88' lang='lat' dir='ltr'>Gargani</span> <span class='ocrx_word' id='word_1_38' title='bbox 864 912 1054 951; x_wconf 91' lang='lat' dir='ltr'>laborant</span> 
     </span>
     <span class='ocr_line' id='line_1_11' title="bbox 460 975 1026 1015; baseline 0.002 -1"><span class='ocrx_word' id='word_1_39' title='bbox 460 977 516 1015; x_wconf 86' lang='lat' dir='ltr'>Et</span> <span class='ocrx_word' id='word_1_40' title='bbox 537 977 643 1015; x_wconf 76' lang='lat' dir='ltr'>foliis</span> <span class='ocrx_word' id='word_1_41' title='bbox 662 976 890 1015; x_wconf 81' lang='lat' dir='ltr'>viduantur</span> <span class='ocrx_word' id='word_1_42' title='bbox 908 975 997 1014; x_wconf 90' lang='lat' dir='ltr'>orni</span> <span class='ocrx_word' id='word_1_43' title='bbox 1018 987 1026 1015; x_wconf 74' lang='grc' dir='ltr'>ε</span> 
     </span>
    </p>
   </div>
   <div class='ocr_carea' id='block_1_5' title="bbox 355 1085 1188 1325">
    <p class='ocr_par' dir='ltr' id='par_1_5' title="bbox 355 1085 1188 1325">
     <span class='ocr_line' id='line_1_12' title="bbox 355 1085 1138 1136; baseline -0.001 -12"><span class='ocrx_word' id='word_1_44' title='bbox 355 1085 417 1124; x_wconf 92' lang='lat' dir='ltr'>Tu</span> <span class='ocrx_word' id='word_1_45' title='bbox 437 1099 597 1136; x_wconf 89' lang='lat' dir='ltr'>semper</span> <span class='ocrx_word' id='word_1_46' title='bbox 615 1098 763 1136; x_wconf 87' lang='lat' dir='ltr'>urgues</span> <span class='ocrx_word' id='word_1_47' title='bbox 782 1085 986 1124; x_wconf 90' lang='lat' dir='ltr'>flebilibus</span> <span class='ocrx_word' id='word_1_48' title='bbox 1005 1085 1138 1124; x_wconf 90' lang='lat' dir='ltr'>modis</span> 
     </span>
     <span class='ocr_line' id='line_1_13' title="bbox 355 1148 1188 1199; baseline -0.001 -12"><span class='ocrx_word' id='word_1_49' title='bbox 355 1149 520 1199; x_wconf 83' lang='lat' dir='ltr'>Mysten</span> <span class='ocrx_word' id='word_1_50' title='bbox 540 1149 796 1199; x_wconf 89' lang='lat' dir='ltr'>ademptum,</span> <span class='ocrx_word' id='word_1_51' title='bbox 818 1161 893 1186; x_wconf 93' lang='lat' dir='ltr'>nec</span> <span class='ocrx_word' id='word_1_52' title='bbox 913 1148 989 1186; x_wconf 87' lang='lat' dir='ltr'>tibi</span> <span class='ocrx_word' id='word_1_53' title='bbox 1008 1148 1188 1198; x_wconf 89' lang='lat' dir='ltr'>Vespero</span> 
     </span>
     <span class='ocr_line' id='line_1_14' title="bbox 409 1211 1012 1262; baseline -0.002 -12"><span class='ocrx_word' id='word_1_54' title='bbox 409 1211 608 1262; x_wconf 83' lang='lat' dir='ltr'>Surgente</span> <span class='ocrx_word' id='word_1_55' title='bbox 628 1211 832 1250; x_wconf 89' lang='lat' dir='ltr'>decedunt</span> <span class='ocrx_word' id='word_1_56' title='bbox 853 1224 1012 1249; x_wconf 89' lang='lat' dir='ltr'>amores</span> 
     </span>
     <span class='ocr_line' id='line_1_15' title="bbox 461 1274 1118 1325; baseline -0.002 -12"><span class='ocrx_word' id='word_1_57' title='bbox 461 1274 547 1313; x_wconf 91' lang='lat' dir='ltr'>Nec</span> <span class='ocrx_word' id='word_1_58' title='bbox 566 1274 757 1325; x_wconf 90' lang='lat' dir='ltr'>rapidum</span> <span class='ocrx_word' id='word_1_59' title='bbox 777 1274 960 1325; x_wconf 79' lang='lat' dir='ltr'>fugiente</span> <span class='ocrx_word' id='word_1_60' title='bbox 980 1274 1118 1312; x_wconf 90' lang='lat' dir='ltr'>solem.</span> 
     </span>
    </p>
   </div>
   <div class='ocr_carea' id='block_1_6' title="bbox 355 1383 1147 1622">
    <p class='ocr_par' dir='ltr' id='par_1_6' title="bbox 355 1383 1147 1560">
     <span class='ocr_line' id='line_1_16' title="bbox 355 1383 1147 1422; baseline -0.001 0"><span class='ocrx_word' id='word_1_61' title='bbox 355 1384 411 1422; x_wconf 91' lang='lat' dir='ltr'>At</span> <span class='ocrx_word' id='word_1_62' title='bbox 432 1396 515 1422; x_wconf 91' lang='lat' dir='ltr'>non</span> <span class='ocrx_word' id='word_1_63' title='bbox 535 1389 597 1422; x_wconf 91' lang='lat' dir='ltr'>ter</span> <span class='ocrx_word' id='word_1_64' title='bbox 617 1396 719 1422; x_wconf 91' lang='lat' dir='ltr'>aevo</span> <span class='ocrx_word' id='word_1_65' title='bbox 739 1384 907 1422; x_wconf 76' lang='lat' dir='ltr'>functus</span> <span class='ocrx_word' id='word_1_66' title='bbox 927 1383 1147 1421; x_wconf 86' lang='lat' dir='ltr'>amabilem</span> 
     </span>
     <span class='ocr_line' id='line_1_17' title="bbox 357 1447 1132 1485; baseline -0.001 0"><span class='ocrx_word' id='word_1_67' title='bbox 357 1447 540 1485; x_wconf 87' lang='lat' dir='ltr'>Ploravit</span> <span class='ocrx_word' id='word_1_68' title='bbox 560 1459 703 1485; x_wconf 91' lang='lat' dir='ltr'>omnes</span> <span class='ocrx_word' id='word_1_69' title='bbox 722 1447 988 1485; x_wconf 88' lang='lat' dir='ltr'>Antilochum</span> <span class='ocrx_word' id='word_1_70' title='bbox 1009 1459 1132 1485; x_wconf 84' lang='lat' dir='ltr'>senex</span> 
     </span>
     <span class='ocr_line' id='line_1_18' title="bbox 409 1509 1087 1560; baseline -0.001 -12"><span class='ocrx_word' id='word_1_71' title='bbox 409 1510 563 1555; x_wconf 89' lang='lat' dir='ltr'>Annos,</span> <span class='ocrx_word' id='word_1_72' title='bbox 584 1522 659 1548; x_wconf 92' lang='lat' dir='ltr'>nec</span> <span class='ocrx_word' id='word_1_73' title='bbox 678 1509 876 1560; x_wconf 89' lang='lat' dir='ltr'>inpubem</span> <span class='ocrx_word' id='word_1_74' title='bbox 896 1514 1087 1560; x_wconf 86' lang='lat' dir='ltr'>parentes</span> 
     </span>
    </p>

    <p class='ocr_par' dir='ltr' id='par_1_7' title="bbox 461 1572 1118 1622">
     <span class='ocr_line' id='line_1_19' title="bbox 461 1572 1118 1622; baseline 0 -12"><span class='ocrx_word' id='word_1_75' title='bbox 461 1572 626 1611; x_wconf 89' lang='lat' dir='ltr'>Troilon</span> <span class='ocrx_word' id='word_1_76' title='bbox 647 1577 720 1610; x_wconf 89' lang='lat' dir='ltr'>aut</span> <span class='ocrx_word' id='word_1_77' title='bbox 742 1572 943 1622; x_wconf 82' lang='lat' dir='ltr'>Phrygiae</span> <span class='ocrx_word' id='word_1_78' title='bbox 963 1584 1118 1610; x_wconf 91' lang='lat' dir='ltr'>sorores</span> 
     </span>
    </p>
   </div>
   <div class='ocr_carea' id='block_1_7' title="bbox 355 1681 1199 1920">
    <p class='ocr_par' dir='ltr' id='par_1_8' title="bbox 355 1681 1199 1920">
     <span class='ocr_line' id='line_1_20' title="bbox 358 1681 1128 1732; baseline -0.001 -12"><span class='ocrx_word' id='word_1_79' title='bbox 358 1681 524 1720; x_wconf 90' lang='lat' dir='ltr'>Flevere</span> <span class='ocrx_word' id='word_1_80' title='bbox 544 1694 716 1732; x_wconf 88' lang='lat' dir='ltr'>semper.</span> <span class='ocrx_word' id='word_1_81' title='bbox 774 1681 923 1719; x_wconf 91' lang='lat' dir='ltr'>Desine</span> <span class='ocrx_word' id='word_1_82' title='bbox 943 1681 1128 1719; x_wconf 91' lang='lat' dir='ltr'>mollium</span> 
     </span>
     <span class='ocr_line' id='line_1_21' title="bbox 355 1744 1199 1795; baseline -0.001 -12"><span class='ocrx_word' id='word_1_83' title='bbox 355 1744 543 1783; x_wconf 83' lang='lat' dir='ltr'>Tandem</span> <span class='ocrx_word' id='word_1_84' title='bbox 564 1744 850 1795; x_wconf 88' lang='lat' dir='ltr'>querellarum,</span> <span class='ocrx_word' id='word_1_85' title='bbox 871 1749 912 1782; x_wconf 90' lang='lat' dir='ltr'>et</span> <span class='ocrx_word' id='word_1_86' title='bbox 933 1744 1071 1795; x_wconf 90' lang='lat' dir='ltr'>potius</span> <span class='ocrx_word' id='word_1_87' title='bbox 1090 1757 1199 1783; x_wconf 89' lang='lat' dir='ltr'>nova</span> 
     </span>
     <span class='ocr_line' id='line_1_22' title="bbox 410 1807 1020 1858; baseline -0.002 -12"><span class='ocrx_word' id='word_1_88' title='bbox 410 1807 634 1846; x_wconf 84' lang='lat' dir='ltr'>Cantemus</span> <span class='ocrx_word' id='word_1_89' title='bbox 653 1807 830 1858; x_wconf 86' lang='lat' dir='ltr'>Augusti</span> <span class='ocrx_word' id='word_1_90' title='bbox 850 1811 1020 1857; x_wconf 90' lang='lat' dir='ltr'>tropaea</span> 
     </span>
     <span class='ocr_line' id='line_1_23' title="bbox 461 1870 1146 1920; baseline -0.003 -11"><span class='ocrx_word' id='word_1_91' title='bbox 461 1870 644 1909; x_wconf 84' lang='lat' dir='ltr'>Caesaris</span> <span class='ocrx_word' id='word_1_92' title='bbox 664 1875 704 1909; x_wconf 90' lang='lat' dir='ltr'>et</span> <span class='ocrx_word' id='word_1_93' title='bbox 724 1870 900 1920; x_wconf 90' lang='lat' dir='ltr'>rigidum</span> <span class='ocrx_word' id='word_1_94' title='bbox 921 1870 1146 1920; x_wconf 85' lang='lat' dir='ltr'>Niphaten,</span> 
     </span>
    </p>
   </div>
   <div class='ocr_carea' id='block_1_8' title="bbox 355 1979 1200 2218">
    <p class='ocr_par' dir='ltr' id='par_1_9' title="bbox 355 1979 1200 2218">
     <span class='ocr_line' id='line_1_24' title="bbox 356 1979 1200 2030; baseline -0.001 -12"><span class='ocrx_word' id='word_1_95' title='bbox 356 1980 605 2030; x_wconf 91' lang='lat' dir='ltr'>Medumque</span> <span class='ocrx_word' id='word_1_96' title='bbox 624 1980 777 2017; x_wconf 91' lang='lat' dir='ltr'>flumen</span> <span class='ocrx_word' id='word_1_97' title='bbox 796 1979 988 2029; x_wconf 86' lang='lat' dir='ltr'>gentibus</span> <span class='ocrx_word' id='word_1_98' title='bbox 1008 1979 1200 2017; x_wconf 85' lang='lat' dir='ltr'>additum</span> 
     </span>
     <span class='ocr_line' id='line_1_25' title="bbox 355 2041 1073 2086; baseline 0 -7"><span class='ocrx_word' id='word_1_99' title='bbox 355 2042 485 2081; x_wconf 85' lang='lat' dir='ltr'>Victis</span> <span class='ocrx_word' id='word_1_100' title='bbox 504 2042 681 2080; x_wconf 90' lang='lat' dir='ltr'>minores</span> <span class='ocrx_word' id='word_1_101' title='bbox 701 2042 867 2080; x_wconf 92' lang='lat' dir='ltr'>volvere</span> <span class='ocrx_word' id='word_1_102' title='bbox 888 2041 1073 2086; x_wconf 87' lang='lat' dir='ltr'>vertices,</span> 
     </span>
     <span class='ocr_line' id='line_1_26' title="bbox 410 2103 1126 2155; baseline -0.001 -12"><span class='ocrx_word' id='word_1_103' title='bbox 410 2106 607 2155; x_wconf 90' lang='lat' dir='ltr'>Intraque</span> <span class='ocrx_word' id='word_1_104' title='bbox 628 2104 928 2155; x_wconf 88' lang='lat' dir='ltr'>praescriptum</span> <span class='ocrx_word' id='word_1_105' title='bbox 948 2103 1126 2142; x_wconf 89' lang='lat' dir='ltr'>Gelonos</span> 
     </span>
     <span class='ocr_line' id='line_1_27' title="bbox 461 2166 1025 2218; baseline -0.002 -13"><span class='ocrx_word' id='word_1_106' title='bbox 461 2167 632 2218; x_wconf 83' lang='lat' dir='ltr'>Exiguis</span> <span class='ocrx_word' id='word_1_107' title='bbox 652 2167 837 2218; x_wconf 91' lang='lat' dir='ltr'>equitare</span> <span class='ocrx_word' id='word_1_108' title='bbox 858 2166 1025 2217; x_wconf 89' lang='lat' dir='ltr'>campis.</span> 
     </span>
    </p>
   </div>
   <div class='ocr_carea' id='block_1_9' title="bbox 1392 146 1442 193">
    <p class='ocr_par' dir='ltr' id='par_1_10' title="bbox 1392 146 1442 193">
     <span class='ocr_line' id='line_1_28' title="bbox 1392 146 1442 193; baseline 0.04 -2"><span class='ocrx_word' id='word_1_109' title='bbox 1392 146 1442 193; x_wconf 75' lang='lat'>39</span> 
     </span>
    </p>
   </div>
   <div class='ocr_carea' id='block_1_10' title="bbox 1393 1158 1440 1184">
    <p class='ocr_par' dir='ltr' id='par_1_11' title="bbox 1393 1158 1440 1184">
     <span class='ocr_line' id='line_1_29' title="bbox 1393 1158 1440 1184; baseline 0 0"><span class='ocrx_word' id='word_1_110' title='bbox 1393 1158 1440 1184; x_wconf 89' lang='lat'>10</span> 
     </span>
    </p>
   </div>
   <div class='ocr_carea' id='block_1_11' title="bbox 1394 1518 1439 1557">
    <p class='ocr_par' dir='ltr' id='par_1_12' title="bbox 1394 1518 1439 1557">
     <span class='ocr_line' id='line_1_30' title="bbox 1394 1518 1439 1557; baseline 0 0"><span class='ocrx_word' id='word_1_111' title='bbox 1394 1518 1439 1557; x_wconf 85' lang='lat'>15</span> 
     </span>
    </p>
   </div>
   <div class='ocr_carea' id='block_1_12' title="bbox 1392 1881 1442 1908">
    <p class='ocr_par' dir='ltr' id='par_1_13' title="bbox 1392 1881 1442 1908">
     <span class='ocr_line' id='line_1_31' title="bbox 1392 1881 1442 1908; baseline 0 0"><span class='ocrx_word' id='word_1_112' title='bbox 1392 1881 1442 1908; x_wconf 87' lang='lat'>20</span> 
     </span>
    </p>
   </div>
  </div>
 </body>
</html>
