1710 2604
229 178 278 218 18

793 190 968 220 HORACE

438 301 615 353 Spernit,
642 315 752 341 nunc
777 301 898 341 viridi
923 301 1109 341 membra
1136 300 1213 342 sub
1237 300 1389 340 arbuto

435 365 612 411 Stratus,
635 378 747 405 nunc
766 366 821 405 ad
841 378 973 416 aquae
993 366 1084 404 lene
1105 370 1232 417 caput
1253 377 1408 404 sacrae.

434 428 588 468 Multos
608 433 744 468 castra
765 429 913 468 iuvant
935 433 977 468 et
1006 429 1109 468 lituo
1127 428 1253 467 tubae

434 491 669 531 Permixtus
689 492 849 532 sonitus
868 492 1057 543 bellaque
1077 491 1281 531 matribus

434 590 669 630 Detestata.
725 591 868 631 Manet
895 591 973 631 sub
993 592 1094 630 Iove
1114 591 1262 642 frigido
1485 600 1534 640 25

433 653 617 693 Venator
638 659 802 693 tenerae
825 654 1009 706 coniugis
1026 654 1239 699 inmemor,

432 717 512 756 Seu
536 717 667 756 visast
688 717 836 757 catulis
857 730 979 756 cerva
1003 717 1208 762 fidelibus,

431 780 510 818 Seu
537 780 648 831 rupit
672 785 822 820 teretes
844 781 1004 820 Marsus
1021 793 1120 831 aper
1143 781 1301 831 plagas.

430 880 495 918 Me
524 880 741 920 doctarum
761 881 935 920 hederae
957 880 1142 932 praemia
1164 879 1363 919 frontium

430 942 505 982 Dis
529 943 702 983 miscent
723 944 893 995 superis,
919 957 985 983 me
1007 944 1187 995 gelidum
1211 956 1356 982 nemus
1482 953 1534 992 30

429 1006 805 1058 Nympharumque
825 1007 936 1046 leves
959 1020 1053 1046 cum
1076 1006 1237 1058 Satyris
1255 1006 1369 1045 chori

429 1070 656 1110 Secernunt
676 1071 841 1122 populo,
870 1070 903 1110 si
925 1083 1058 1122 neque
1080 1070 1204 1109 tibias

429 1171 612 1223 Euterpe
634 1171 800 1211 cohibet
822 1184 897 1211 nee
922 1171 1199 1223 Polyhymnia

428 1234 635 1274 Lesboum
658 1235 808 1287 refugit
837 1235 1006 1274 tendere
1026 1234 1234 1273 barbiton.

429 1297 582 1349 Quodsi
611 1312 676 1338 me
702 1299 840 1351 lyricis
863 1298 1032 1338 vatibus
1056 1310 1221 1344 mseres,
1481 1307 1531 1347 35

429 1361 603 1401 Sublimi
623 1362 766 1402 feriam
787 1363 920 1402 sidera
947 1361 1112 1401 vertice.

840 1594 896 1634 11.

736 1698 929 1751 (Sapplzic
956 1701 1007 1751 1.)

428 1816 520 1856 Iam
539 1817 640 1856 satis
660 1816 778 1856 terris
797 1816 904 1856 nivis
927 1820 1055 1867 atque
1075 1815 1190 1854 dirae

428 1880 651 1919 Grandinis
670 1880 782 1919 misit
808 1880 943 1925 Pater,
972 1883 1014 1918 et
1039 1878 1214 1917 rubente

429 1943 611 1982 Dextera
631 1955 767 1982 sacras
788 1942 992 1982 iaculatus
1015 1954 1128 1980 arces

532 2006 694 2046 Terruit
716 2006 885 2051 Urbem,

427 2111 589 2150 Terruit
610 2116 764 2162 gentes,
791 2123 916 2162 grave
941 2123 992 2149 ne
1012 2109 1164 2150 rediret
1509 2117 1531 2158 5

428 2174 645 2214 Saeculum
673 2174 855 2226 Pyrrhae
878 2186 989 2212 nova
1012 2177 1197 2212 monstra
1225 2178 1408 2225 questae.

427 2238 561 2278 Omne
583 2250 677 2276 curn
706 2238 878 2277 Proteus
903 2250 1028 2289 pecus
1047 2236 1130 2288 egit
1151 2235 1258 2277 altos

536 2300 675 2340 Visere
700 2305 875 2348 montes,
