1710 2604
228 165 277 206 54

803 172 977 204 HORACE

449 284 543 325 Huc
563 285 662 325 vina
682 291 723 326 et
745 293 960 338 unguenta
979 292 1021 327 et
1042 288 1217 327 nimium
1240 287 1386 328 breves

447 350 585 389 Flores
607 363 807 390 amoenae
828 351 932 390 ferre
952 351 1047 391 iube
1067 364 1197 398 rosae,

499 414 610 452 Dum
630 426 693 453 res
713 418 754 453 et
775 418 891 453 aetas
911 419 952 453 et
973 427 1160 454 sororum

554 477 643 516 Fila
664 477 791 516 trium
812 478 1033 529 patiuntur
1054 483 1158 518 atra.

445 555 574 594 Cedes
594 555 798 606 coemptis
819 555 994 594 saltibus
1013 560 1055 594 et
1076 556 1202 595 domo

445 619 646 670 Villaque,
670 619 805 657 flavus
825 631 953 670 quam
973 618 1132 659 Tiberis
1151 620 1270 667 lavit,

498 682 638 728 Cedes,
661 688 702 721 et
723 683 946 721 exstructis
966 682 1008 721 in
1029 683 1163 722 altum

551 746 718 785 Divitiis
738 746 921 797 potietur
940 746 1067 784 heres.

445 821 638 866 Divesne,
661 820 796 871 prisco
816 825 942 859 natus
962 820 1016 859 ab
1039 821 1208 867 Inacho,

444 885 512 923 Nil
532 885 705 924 interest
726 897 780 922 an
800 896 959 935 pauper
978 888 1019 923 et
1041 884 1184 923 infima

498 949 559 987 De
579 952 702 999 gente
722 947 800 986 sub
821 947 919 986 divo
940 947 1123 993 moreris,

553 1011 734 1050 Victima
755 1011 812 1049 nil
831 1010 1067 1049 miserantis
1085 1010 1194 1050 Orci.

443 1090 599 1128 Omnes
620 1089 766 1127 eodem
786 1088 982 1139 cogimur,
1005 1088 1192 1126 omnium

443 1153 642 1191 Versatur
662 1164 767 1190 urna
787 1151 914 1190 serius
935 1151 1048 1189 ocius

496 1216 591 1255 Sors
612 1216 776 1254 exitura
796 1219 838 1254 et
859 1227 933 1253 nos
953 1214 995 1252 in
1016 1219 1232 1253 aeternum

550 1279 755 1318 Exsilium
777 1278 1022 1329 impositura
1044 1277 1231 1318 cumbae.

856 1405 924 1444 1v.

748 1482 942 1534 (Sapphic
974 1483 1024 1533 ι.)

441 1571 504 1610 Ne
523 1571 576 1610 sit
597 1569 769 1609 ancillae
791 1568 867 1607 tibi
894 1580 1010 1607 amor
1030 1567 1190 1619 pudori,

443 1634 634 1674 Xanthia
655 1633 834 1671 Phoceu.
894 1631 1012 1670 Prius
1032 1631 1278 1670 insolentem

441 1698 569 1737 Serva
589 1696 742 1736 Briseis
761 1695 884 1734 niveo
905 1695 1039 1733 colore

495 1761 626 1801 Movit
648 1759 850 1798 Achillem
869 1770 877 1805 ;

441 1838 573 1878 Movit
595 1837 763 1876 Aiacem
782 1835 1006 1874 Telamone
1026 1839 1175 1873 natum

440 1901 592 1940 Forma
612 1899 805 1951 captivae
826 1898 1044 1937 dominum
1063 1897 1306 1936 Tecmessae
1329 1908 1337 1936 :

442 1965 554 2005 Arsit
574 1963 743 2003 Atrides
763 1962 900 2001 medio
920 1961 961 2000 in
984 1960 1198 2012 triumpho

495 2027 662 2078 Virgine
684 2031 818 2077 rapta,

441 2105 652 2145 Barbarae
673 2107 900 2155 postquam
920 2101 1101 2140 cecidere
1123 2106 1286 2140 turmae

438 2168 634 2208 Thessalo
656 2167 813 2205 victore
834 2170 875 2204 et
897 2165 1120 2215 ademptus
1141 2164 1300 2203 Hector

437 2231 628 2271 Tradidit
651 2230 766 2269 fessis
787 2229 941 2268 leviora
963 2227 1051 2267 tolli

496 2296 696 2345 Pergama
717 2293 848 2332 Grais.

1502 428 1550 467 15

1494 759 1544 788 20

1491 1099 1540 1138 25

1491 2175 1539 2203 10
