1710 2604
236 187 284 225 82

808 195 984 225 HORACE

452 296 543 335 Hoc
564 301 733 335 caverat
756 308 874 335 mens
894 296 1073 347 provida
1094 295 1242 347 Reguli

452 359 749 398 Dissentientis
769 358 1085 399 condicionibus

505 422 655 461 Foedis
675 427 717 461 et
738 423 930 473 exemplo
952 422 1137 461 trahenti

560 485 790 524 Perniciem
811 485 983 524 veniens
1004 485 1047 524 in
1067 498 1232 532 aevum,

451 601 493 640 Si
513 613 597 639 non
618 601 771 651 periret
792 600 1086 640 inmiserabilis

452 663 632 715 Captiva
653 664 797 715 pubes.
859 664 866 677 ‘
887 664 1014 715 Signa
1034 677 1109 715 ego
1131 664 1297 704 Punicis

504 727 657 767 Adfixa
678 727 863 768 delubris
884 732 925 766 et
947 740 1064 767 arma

559 790 764 830 Militibus
783 791 871 830 sine
892 791 1018 829 caede
1039 790 1047 804 '
1069 791 1178 830 dixit

453 907 460 920 ‘
482 907 667 957 Derepta
687 906 776 946 vidi
796 919 803 952 ;
835 907 924 945 vidi
945 919 1020 957 ego
1040 907 1196 945 civium

453 970 632 1008 Retorta
653 974 769 1020 tergo
789 969 987 1008 bracchia
1007 969 1137 1008 libero

507 1033 739 1083 Portasque
760 1045 845 1071 non
865 1033 1028 1072 clausas
1048 1037 1090 1072 et
1111 1045 1214 1072 arva

560 1095 694 1134 Marte
715 1096 794 1134 coli
816 1097 1020 1147 populata
1040 1101 1198 1135 nostro.

453 1212 566 1250 Auro
586 1224 785 1262 repensus
805 1212 961 1251 scilicet
982 1211 1116 1251 acrior

453 1275 570 1314 Miles
590 1274 756 1315 redibit.
818 1275 997 1326 Flagitio
1017 1275 1174 1315 additis

507 1338 723 1376 Damnum
747 1350 753 1376 :
786 1351 921 1389 neque
942 1338 1116 1377 amissos
1137 1339 1294 1378 colores

563 1401 680 1440 Lana
699 1401 825 1440 refert
847 1401 1058 1440 medicata
1078 1401 1186 1447 suCO,

454 1517 542 1556 Nec
562 1530 662 1555 vera
682 1517 830 1562 virtus,
853 1530 949 1555 cum
969 1517 1096 1556 semel
1116 1516 1286 1562 excidit,

455 1580 583 1619 Curat
603 1581 749 1631 reponi
769 1580 1058 1620 deterioribus.

508 1643 550 1682 Si
571 1648 732 1694 pugnat
753 1643 961 1682 extricata
981 1643 1120 1682 densis

562 1706 694 1745 Ccrva
715 1707 859 1757 plagis,
882 1707 960 1745 erit
981 1707 1047 1745 ille
1069 1706 1202 1753 fortis,

454 1822 536 1873 Qui
556 1822 724 1874 perfidis
744 1835 786 1861 se
807 1822 984 1862 credidit
1004 1821 1210 1868 hostibus,

454 1885 510 1924 Et
532 1890 666 1924 marte
690 1885 850 1924 Poenos
870 1889 1056 1936 proteret
1077 1885 1222 1931 altero,

508 1948 590 1999 Qui
610 1949 698 1987 lora
718 1948 920 1987 restrictis
940 1948 1107 1987 lacertis

563 2011 701 2050 Sensit
722 2011 831 2050 iners
853 2010 1080 2062 timuitque
1100 2016 1292 2050 mortem.

456 2121 549 2166 Hic,
571 2121 684 2160 unde
704 2121 839 2160 vitam
859 2126 1043 2160 sumeret
1063 2121 1229 2167 inscius,

456 2184 608 2223 Pacem
629 2183 768 2223 duello
788 2184 969 2223 miscuit.
1029 2183 1064 2223 O
1085 2184 1221 2235 pudor
1242 2183 1250 2223 Ξ

510 2247 546 2287 O
566 2260 721 2298 magna
741 2247 964 2299 Carthago,
986 2248 1197 2299 probrosis

563 2311 700 2351 Altior
721 2311 869 2350 Italiae
889 2311 1019 2350 ruinis
1042 2311 1049 2351 !
1072 2311 1079 2324 '

1511 432 1558 472 15

1509 803 1560 830 20

1512 1591 1563 1630 30

1512 1958 1561 1998 35

1511 2322 1564 2364 40
