1710 2604
198 142 271 183 124

766 144 943 174 HORACE

406 244 494 283 Nec
514 244 548 283 si
569 244 671 296 quid
691 244 790 283 olim
812 244 911 284 lusit
931 245 1149 285 Anacreon

407 307 575 346 Delevit
596 312 713 347 aetas
732 319 741 354 ;
771 308 904 359 spirat
925 309 1063 350 adhuc
1083 321 1202 349 amor

461 371 707 422 Vivuntque
728 372 923 411 conmissi
943 372 1099 412 calores

511 434 680 474 Aeoliae
700 434 855 475 fidibus
875 436 1050 487 puellae.

403 543 499 584 Non
519 545 607 584 sola
627 550 820 597 comptos
841 546 942 585 arsit
963 547 1143 586 adulteri

402 607 544 648 Crines
563 613 606 648 et
627 622 777 648 aurum
797 609 988 649 vestibus
1006 610 1161 650 illitum

455 672 609 713 Mirata
627 674 868 726 regalesque
888 675 1027 714 cultus

509 737 566 776 Et
586 737 761 778 comites
782 738 941 778 Helene
962 738 1167 786 Lacaena,

401 852 619 893 Primusve
639 853 797 893 Teucer
817 855 902 894 tela
922 854 1112 906 Cydonio

400 916 566 957 Direxit
586 930 686 957 arcu
704 929 713 964 ;
744 931 829 958 non
849 920 977 958 semel
998 920 1097 959 Ilios

454 980 620 1021 Vexata
639 993 647 1028 ;
677 994 763 1021 non
783 983 991 1034 pugnavit
1011 983 1157 1035 ingens

508 1045 760 1086 Idomeneus
781 1045 1057 1087 Sthenelusve
1076 1048 1189 1087 solus

399 1160 590 1202 Dicenda
609 1161 739 1202 Musis
758 1163 917 1214 proelia
935 1175 944 1210 ;
974 1176 1059 1203 non
1079 1164 1197 1203 ferox

399 1224 559 1264 Hector
579 1225 646 1265 vel
665 1238 760 1266 acer
779 1226 1026 1278 Deiphobus
1044 1240 1193 1279 graves

451 1288 632 1340 Excepit
652 1289 762 1329 ictus
782 1303 858 1342 pro
877 1291 1042 1342 pudicis

506 1351 762 1405 Coniugibus
781 1354 1004 1407 puerisque
1024 1355 1197 1407 primus.

397 1467 548 1508 Vixere
568 1468 698 1509 fortes
718 1474 818 1510 ante
837 1470 1156 1522 Agamemnona

396 1531 520 1571 Multi
539 1544 548 1579 ;
578 1533 653 1572 sed
671 1546 817 1573 omnes
836 1534 1159 1575 inlacrimabiles

449 1595 664 1647 Urgentur
683 1597 901 1650 ignotique
920 1599 1045 1650 longa

502 1659 651 1707 Nocte,
673 1665 817 1700 carent
838 1661 938 1714 quia
958 1666 1058 1702 vate
1077 1674 1209 1704 sacro.

395 1774 590 1815 Paullum
609 1776 799 1828 sepultae
820 1777 952 1817 distat
972 1777 1147 1818 inertiae

394 1838 540 1878 Celata
558 1840 706 1880 virtus.
765 1840 862 1880 Non
882 1854 958 1893 ego
979 1846 1020 1881 te
1040 1842 1144 1882 meis

447 1902 613 1943 Chartis
632 1903 876 1944 inornatum
896 1905 1039 1952 silebo,

499 1965 635 2006 Totve
656 1971 752 2007 tuos
772 1968 912 2019 patiar
930 1968 1094 2009 labores

393 2081 585 2133 Impune,
608 2083 726 2129 Lolli,
748 2096 917 2135 carpere
936 2085 1088 2125 lividas

392 2145 647 2186 Obliviones.
706 2147 784 2187 Est
805 2148 971 2188 animus
991 2149 1070 2188 tibi

446 2209 687 2262 Rerumque
708 2211 891 2262 prudens
911 2216 954 2251 et
974 2213 1168 2253 secundis

496 2273 773 2325 Temporibus
794 2275 1016 2327 dubiisque
1036 2281 1188 2324 rectus,

1465 319 1514 349 10

1461 684 1509 724 15

1457 1058 1508 1086 20

1453 1481 1503 1522 25

1449 1854 1501 1892 30

1446 2223 1496 2263 35
