1679 2583
635 165 748 194 onas
778 165 840 193 111.
873 167 935 206 27.

345 263 461 313 Quae
480 264 603 303 simul
624 269 793 303 centum
814 266 953 317 tetigit
972 271 1190 317 potentem

346 326 521 377 Oppidis
541 327 702 373 Creten,
727 328 735 341 ‘
754 333 886 379 pater,
908 342 932 368 o
952 329 1144 368 relictum

346 389 472 427 Filiae
492 402 644 428 nomen
664 390 882 441 pietasque
902 391 910 404 ¹
932 391 1052 431 dixit.

399 452 405 464 ¹
427 452 550 491 Victa
570 452 720 498 surore,

343 566 465 605 Unde
485 580 569 618 quo
589 568 685 606 veni
702 568 716 606 ?
776 568 899 608 Levis
918 582 1004 608 una
1023 582 1134 609 mors
1154 575 1217 609 est

342 629 559 679 Virginum
579 631 738 681 culpae.
796 631 1035 682 Vigilansne
1056 633 1172 683 ploro

341 691 478 743 Turpe
499 693 752 732 conmissum
773 707 826 732 an
846 694 962 734 vitiis
982 700 1193 733 carentem

395 754 523 794 Ludit
543 755 681 807 imago

340 869 471 915 Vana,
494 883 602 921 quae
622 876 745 922 porta
765 871 927 922 fugiens
947 872 1107 911 eburna

341 933 558 972 Somnium
578 934 694 973 ducit
712 934 726 973 ?
786 935 986 974 Meliusne
1006 936 1159 974 fluctus

342 995 406 1034 Ire
426 1009 499 1047 per
518 997 662 1047 longos
683 997 776 1043 fuit,
799 1010 853 1036 an
872 1002 1058 1037 recentes

394 1058 571 1110 Carpere
591 1060 710 1099 flores
725 1059 739 1098 ?

339 1173 381 1211 Si
401 1174 494 1224 quis
513 1174 713 1213 infamem
733 1175 836 1213 mihi
855 1188 966 1214 nunc
986 1176 1209 1214 iuvencum

338 1235 478 1275 Dedat
498 1236 642 1282 iratae,
664 1237 844 1275 lacerare
864 1237 972 1276 ferro
992 1242 1034 1277 et

338 1298 543 1349 Frangere
563 1299 698 1338 enitar
717 1300 843 1339 modo
862 1301 1045 1339 multum
1066 1301 1196 1339 amati

391 1361 555 1400 Cornua
574 1363 763 1402 monstri.

338 1476 551 1527 Inpudens
570 1477 673 1529 liqui
692 1478 850 1529 patrios
872 1479 1061 1524 Penates,

338 1540 551 1591 Inpudens
571 1540 726 1580 Orcum
745 1554 895 1581 moror.
953 1541 989 1581 O
1009 1543 1182 1582 deorum

336 1602 377 1641 Si
398 1603 490 1654 quis
509 1603 612 1642 haec
632 1604 763 1650 audis,
785 1605 950 1643 utinam
969 1605 1078 1644 inter
1097 1618 1228 1644 errem

441 1666 567 1705 Nuda
586 1667 724 1706 leones
747 1668 753 1705 !

334 1775 575 1826 Antequam
596 1776 729 1827 turpis
749 1776 902 1816 macies
921 1777 1115 1816 decentes

334 1837 521 1889 Occupet
541 1839 673 1877 malas
693 1844 942 1890 teneraeque
961 1853 1085 1879 sucus

333 1900 503 1939 Defluat
522 1901 713 1952 praedae,
736 1902 921 1953 speciosa
941 1915 1095 1953 quaero

386 1964 558 2003 Pascere
579 1965 716 2015 tigres.

332 2077 355 2091 “
375 2073 476 2111 Vilis
495 2073 704 2124 Europe,”
725 2078 846 2125 pater
865 2079 1014 2125 urguet
1034 2075 1184 2114 absens
1205 2086 1213 2114 :

333 2135 354 2149 “
377 2135 487 2185 Quid
506 2136 610 2175 mori
630 2149 764 2175 cessas
781 2137 795 2175 ?
856 2137 980 2176 Potes
1000 2137 1079 2176 hac
1100 2137 1153 2176 ab
1174 2150 1275 2176 orno

333 2198 566 2237 Pendulum
585 2212 690 2237 zona
709 2199 814 2238 bene
835 2204 876 2239 te
895 2205 1040 2239 secuta
1059 2213 1098 2238 e-

383 2261 508 2301 lidere
529 2263 692 2302 collum.

1366 169 1439 208 105

1390 404 1439 444 35

1389 771 1441 808 40

1385 1187 1434 1226 45

1382 1553 1432 1592 50

1378 1912 1426 1951 55

1373 2263 1425 2302 60
