1679 2583
685 144 797 173 ODES
827 147 883 176 IV.
915 149 1471 188 7.121

375 235 519 277 Deliae
540 241 673 281 tutela
693 243 806 291 deae,
829 246 995 297 fugaces

373 298 537 350 Lyncas
557 308 598 342 et
619 317 761 346 cervos
781 308 1014 351 cohibentis
1034 326 1144 361 arcu,

372 362 567 404 Lesbium
587 374 751 409 servate
770 372 920 422 pedem
939 376 1104 428 meique
1415 394 1465 433 35

424 426 587 468 Pollicis
606 430 750 479 ictum,

368 501 466 542 Rite
486 504 673 546 Latonae
692 522 868 560 puerum
889 520 1098 564 canentes,

367 564 464 605 Rite
485 575 737 611 crescentem
757 573 847 613 iace
867 575 1144 627 Noctilucam,

366 627 611 680 Prosperam
631 633 798 685 frugum
818 638 1074 692 celeremque
1093 656 1245 694 pronos

416 691 591 733 Volvere
610 708 784 738 menses.
1406 724 1458 762 40

361 771 507 824 Nupta
526 775 610 815 iam
630 778 741 819 dices
763 780 771 794 ‘
790 793 865 832 ego
885 783 948 823 dis
968 787 1162 835 amicum,

361 834 532 877 Saeculo
552 838 680 880 festas
699 843 902 884 referente
922 846 1045 895 luces,

359 898 540 940 Reddidi
560 915 726 944 carmen
746 907 890 948 docilis
909 912 1130 953 modorum

411 962 530 1004 Vatis
550 964 730 1007 Horati.’

749 1106 839 1146 VII.

605 1179 656 1230 (A
663 1181 908 1224 rehilochian
932 1187 982 1237 1.)

243 1257 454 1311 Diffugere
473 1261 602 1310 nives,
624 1266 800 1307 redeunt
820 1269 904 1309 iam
923 1273 1112 1322 gramina
1132 1279 1290 1329 campis

295 1323 608 1378 Arboribusque
628 1341 771 1369 comae
789 1343 798 1377 ;

241 1384 380 1426 Mutat
401 1392 511 1427 terra
530 1390 641 1430 vices
661 1397 702 1432 et
723 1394 1003 1438 decrescentia
1022 1400 1134 1452 ripas

293 1448 486 1490 Flumina
505 1458 774 1503 praetereunt
792 1470 802 1505 ;

238 1524 384 1565 Gratia
403 1539 498 1567 cum
518 1529 727 1583 Nymphis
745 1535 1002 1589 geminisque
1022 1542 1231 1583 sororibus
1251 1547 1377 1587 audet
1416 1559 1438 1598 5

288 1588 449 1629 Ducere
468 1593 583 1632 nuda
603 1594 762 1636 choros.

236 1650 496 1693 Immortalia
515 1668 566 1694 ne
586 1669 736 1708 speres,
758 1666 901 1702 monet
922 1676 1057 1705 annus
1077 1671 1118 1705 et
1139 1667 1296 1710 almum

286 1713 402 1765 Quae
421 1717 532 1769 rapit
551 1718 654 1759 hora
675 1721 798 1762 diem.

231 1785 401 1838 Frigora
420 1790 646 1832 mitescunt
666 1794 878 1847 Zephyris,
901 1811 974 1838 ver
993 1803 1169 1851 proterit
1190 1811 1327 1847 aestas

284 1851 526 1900 Interitura‚
548 1855 672 1895 simul

229 1911 411 1953 Pomifer
430 1918 659 1958 autumnus
679 1920 817 1972 fruges
837 1924 1043 1973 effuderit,
1065 1934 1107 1968 et
1127 1943 1227 1971 mox

280 1975 438 2017 Bruma
457 1981 631 2021 recurrit
651 1982 772 2024 iners.

1386 1885 1434 1913 10

225 2051 392 2092 Damna
412 2059 555 2095 tamen
575 2059 724 2100 celeres
743 2069 940 2113 reparant
961 2067 1155 2108 caelestia
1175 2070 1297 2112 lunae
1316 2086 1325 2120 ;

277 2115 364 2155 Nos
383 2117 456 2156 ubi
476 2119 718 2169 decidimus,

222 2177 315 2229 Quo
334 2185 455 2230 pater
473 2183 647 2231 Aeneas,
670 2199 754 2237 quo
774 2188 891 2230 dives
910 2191 1054 2232 Tullus
1074 2200 1115 2234 et
1136 2197 1288 2245 Ancus,
1379 2214 1425 2253 15

275 2241 417 2283 Pulvis
437 2250 479 2285 et
500 2247 649 2287 umbra
669 2262 824 2292 sumus.
