1679 2583
655 171 770 201 ODES
801 173 844 201 II.
878 175 939 204 20.

353 274 428 320 Tu,
451 288 546 315 cum
566 279 751 328 parentis
770 293 897 332 regna
916 296 988 334 per
1008 285 1186 326 arduum

353 337 507 378 Cohors
527 340 756 391 Gigantum
776 346 993 386 scanderet
1013 348 1140 399 inpia,

406 401 619 442 Rhoetum
639 407 842 446 retorsisti
862 409 991 448 leonis

448 465 679 515 Unguibus
699 467 967 521 horribilique
986 474 1096 512 mala
1117 486 1125 520 ;

352 573 618 625 Quamquam
639 576 797 617 choreis
817 580 954 630 aptior
973 586 1014 620 et
1035 582 1134 622 iocis

350 635 550 687 Ludoque
571 637 708 678 dictus
728 653 811 679 non
831 647 896 681 sat
917 643 1090 684 idoneus

403 699 571 750 Pugnae
592 701 788 741 ferebaris
808 716 815 749 ;
847 706 918 744 sed
938 706 1047 746 idern

456 762 574 801 Pacis
593 776 683 803 eras
703 766 947 818 mediusque
967 769 1077 809 belli.

347 870 404 909 Te
424 871 531 910 vidit
551 873 692 912 insons
712 874 910 916 Cerberus
931 892 1056 919 aureo

347 933 484 972 Cornu
504 935 711 983 decorum,
734 938 880 978 leniter
900 945 1083 982 atterens

398 996 598 1043 Caudam,
621 1004 662 1038 et
682 1002 911 1042 recedentis
931 1004 1112 1056 trilingui

450 1059 530 1099 Ore
551 1062 674 1111 pedes
695 1064 916 1116 tetigitque
937 1079 1069 1107 crura.

737 1261 824 1301 XX.

685 1369 872 1421 (Alcaic.)

338 1477 431 1515 Non
453 1478 610 1517 usitata
630 1492 705 1518 nec
725 1482 841 1520 tenui
862 1483 965 1522 ferar

338 1539 471 1578 Pinna
491 1540 679 1581 biformis
698 1556 770 1594 per
790 1544 994 1595 liquidum
1016 1549 1187 1588 aethera

389 1602 529 1649 Vates,
551 1616 685 1655 neque
705 1606 748 1644 in
769 1608 887 1647 terris
907 1610 1101 1649 morabor

442 1666 623 1717 Longius
644 1668 884 1721 invidiaque
904 1672 1035 1711 maior

336 1774 468 1813 Urbes
488 1775 731 1827 relinquam.
790 1779 884 1818 Non
905 1793 992 1831 ego,
1014 1795 1245 1834 pauperum

334 1836 508 1888 Sanguis
528 1845 763 1889 parentum,
786 1855 869 1881 non
890 1857 976 1894 ego,
999 1859 1125 1896 quern
1145 1861 1286 1895 vocas,

387 1900 546 1939 Dilecte
567 1902 797 1949 Maecenas,
819 1905 946 1945 obibo

439 1964 525 2002 Nec
545 1964 688 2016 Stygia
712 1967 939 2008 cohibebor
958 1972 1083 2011 unda.

334 2072 425 2110 Iam
445 2073 528 2111 iam
549 2075 735 2115 residunt
755 2079 943 2118 cruribus
964 2093 1134 2131 asperae

335 2135 463 2174 Pelles
483 2140 524 2175 et
545 2137 687 2176 album
707 2144 848 2179 mutor
867 2142 909 2180 in
930 2143 1072 2183 alitem

385 2197 581 2248 Superne,
604 2207 915 2254 nascunturque
936 2205 1047 2245 leves

441 2261 519 2299 Per
538 2262 690 2313 digitos
709 2277 955 2318 umerosque
975 2270 1153 2319 plumae.

1407 186 1454 225 71

1390 961 1442 998 30

1382 2160 1431 2188 10
