1710 2604
280 196 350 223 [OO

845 193 1021 223 HORACE

487 295 654 334 Cervice
676 294 839 346 tinguet
864 306 870 332 :
905 298 945 333 te
965 294 1069 333 nihil
1089 294 1245 334 attinet

486 359 711 409 Temptare
732 358 868 397 multa
888 358 1014 397 caede
1034 358 1272 398 bidentium

541 422 698 461 Parvos
719 426 993 461 coronantem
1013 422 1176 460 marino
1545 433 1591 472 15

594 485 704 524 Rore
724 485 824 524 deos
844 485 1064 536 fragilique
1084 490 1239 536 myrto.

486 562 678 601 Inmunis
698 575 815 601 aram
835 562 869 601 si
890 562 1031 613 tetigit
1051 575 1214 608 manus,

484 626 580 664 Non
601 631 851 676 sumptuosa
871 625 1065 664 blandior
1083 625 1235 672 hostia,

538 686 718 728 Mollivit
739 702 907 728 aversos
929 689 1109 729 Penates

592 752 717 791 Farre
738 752 808 803 pio
828 757 870 792 et
890 753 1065 792 saliente
1086 753 1207 793 mica.
1541 764 1592 792 20

856 901 1004 942 XXIV.

775 979 1012 1030 (Asclepiad
1032 980 1085 1031 3.)

485 1057 665 1097 Intactis
684 1057 924 1108 opulentior

536 1121 760 1161 Thesauris
780 1120 970 1159 Arabum
990 1125 1032 1159 et
1053 1120 1198 1160 divitis
1220 1121 1366 1160 Indiae

485 1185 512 1224 C
518 1184 722 1224 aementis
742 1184 839 1224 licet
859 1196 1037 1235 occupes

537 1248 766 1287 Terrenum
786 1260 910 1286 omne
931 1248 1015 1287 tuis
1035 1252 1077 1286 et
1098 1260 1212 1286 mare
1232 1247 1460 1299 publicum,

484 1326 526 1365 Si
546 1325 636 1377 figit
658 1325 955 1364 adamantinos
1567 1335 1589 1375 5

538 1389 721 1428 Summis
741 1387 970 1427 verticibus
990 1388 1081 1427 dira
1101 1387 1337 1427 Necessitas

485 1453 646 1499 Clavos,
669 1465 754 1491 non
775 1452 964 1491 animum
984 1456 1114 1498 metu,

538 1516 633 1556 Non
654 1516 802 1555 mortis
821 1515 982 1567 laqueis
1001 1515 1197 1567 expedies
1217 1521 1359 1567 caput.

485 1597 748 1648 Campestres
768 1595 916 1635 melius
936 1595 1131 1646 Scythae,

537 1660 726 1711 Quorum
746 1660 937 1710 plaustra
956 1671 1086 1710 vagas
1105 1659 1184 1698 rite
1205 1658 1379 1698 trahunt
1402 1659 1561 1706 domos,

484 1724 646 1763 Vivunt
667 1727 708 1762 et
728 1722 850 1774 rigidi
871 1722 1015 1768 Getae,
1542 1735 1586 1762 11

539 1787 754 1826 Inmetata
775 1785 928 1837 quibus
948 1785 1090 1836 iugera
1108 1785 1260 1824 liberas

485 1861 641 1912 Fruges
661 1865 702 1899 et
724 1860 912 1899 Cererem
933 1860 1087 1905 ferunt,

537 1923 624 1962 Nec
645 1923 811 1962 cultura
830 1923 969 1974 placet
989 1923 1150 1973 longior
1169 1935 1322 1969 annua,

484 1987 829 2038 Defunctumque
848 1985 1062 2025 laboribus
1543 1995 1590 2035 15

537 2050 714 2101 Aequali
734 2054 894 2088 recreat
914 2054 1026 2089 sorte
1046 2049 1239 2089 vicarius.

486 2128 574 2166 Illic
594 2132 729 2166 matre
750 2127 990 2166 carentibus

539 2191 744 2242 Privignis
765 2191 913 2229 mulier
933 2194 1142 2242 temperat
1163 2190 1374 2236 innocens,

483 2254 570 2293 Nec
590 2254 741 2293 dotata
762 2247 866 2305 regit
888 2254 1025 2293 virum

536 2317 728 2356 Coniunx
749 2330 823 2356 nec
845 2317 980 2356 nitido
1002 2317 1094 2356 fidit
1115 2317 1306 2356 adultero
1326 2328 1334 2362 ;
1540 2325 1592 2355 20
