<?xml version="1.0" encoding="UTF-8"?>
<!DOCTYPE html PUBLIC "-//W3C//DTD XHTML 1.0 Transitional//EN"
    "http://www.w3.org/TR/xhtml1/DTD/xhtml1-transitional.dtd">
<html xmlns="http://www.w3.org/1999/xhtml" xml:lang="en" lang="en">
 <head>
  <title>
</title>
<meta http-equiv="Content-Type" content="text/html;charset=utf-8" />
  <meta name='ocr-system' content='tesseract 3.04.00' />
  <meta name='ocr-capabilities' content='ocr_page ocr_carea ocr_par ocr_line ocrx_word'/>
</head>
<body>
  <div class='ocr_page' id='page_1' title='image "./odeshor00horauoft_0039.png"; bbox 0 0 1700 2573; ppageno 0'>
   <div class='ocr_carea' id='block_1_1' title="bbox 647 190 1008 229">
    <p class='ocr_par' dir='ltr' id='par_1_1' title="bbox 647 190 1008 229">
     <span class='ocr_line' id='line_1_1' title="bbox 647 190 1008 229; baseline -0.011 -8"><span class='ocrx_word' id='word_1_1' title='bbox 647 191 758 221; x_wconf 82' lang='lat' dir='ltr'>ODEs</span> <span class='ocrx_word' id='word_1_2' title='bbox 787 191 814 220; x_wconf 91' lang='lat'>1.</span> <span class='ocrx_word' id='word_1_3' title='bbox 856 191 915 229; x_wconf 85' lang='lat'>14,</span> <span class='ocrx_word' id='word_1_4' title='bbox 948 190 1008 229; x_wconf 85' lang='lat'>15.</span> 
     </span>
    </p>
   </div>
   <div class='ocr_carea' id='block_1_2' title="bbox 677 302 989 432">
    <p class='ocr_par' dir='ltr' id='par_1_2' title="bbox 677 302 989 432">
     <span class='ocr_line' id='line_1_2' title="bbox 779 302 886 341; baseline 0 0"><span class='ocrx_word' id='word_1_5' title='bbox 779 302 886 341; x_wconf 89' lang='lat' dir='ltr'>XIV.</span> 
     </span>
     <span class='ocr_line' id='line_1_3' title="bbox 677 378 989 432; baseline -0.01 -13"><span class='ocrx_word' id='word_1_6' title='bbox 677 379 910 432; x_wconf 77' lang='lat' dir='ltr'>(Asclepiad</span> <span class='ocrx_word' id='word_1_7' title='bbox 938 378 989 429; x_wconf 86' lang='lat'>5.)</span> 
     </span>
    </p>
   </div>
   <div class='ocr_carea' id='block_1_3' title="bbox 396 464 1160 516">
    <p class='ocr_par' dir='ltr' id='par_1_3' title="bbox 396 464 1160 516">
     <span class='ocr_line' id='line_1_4' title="bbox 396 464 1160 516; baseline -0.01 -5"><span class='ocrx_word' id='word_1_8' title='bbox 396 473 431 512; x_wconf 92' lang='lat' dir='ltr'>O</span> <span class='ocrx_word' id='word_1_9' title='bbox 452 471 586 516; x_wconf 84' lang='lat' dir='ltr'>navis,</span> <span class='ocrx_word' id='word_1_10' title='bbox 609 469 787 508; x_wconf 75' lang='lat' dir='ltr'>referent</span> <span class='ocrx_word' id='word_1_11' title='bbox 807 468 849 506; x_wconf 92' lang='lat' dir='ltr'>in</span> <span class='ocrx_word' id='word_1_12' title='bbox 868 479 981 506; x_wconf 88' lang='lat' dir='ltr'>mare</span> <span class='ocrx_word' id='word_1_13' title='bbox 1001 470 1042 504; x_wconf 92' lang='lat' dir='ltr'>te</span> <span class='ocrx_word' id='word_1_14' title='bbox 1061 464 1160 504; x_wconf 89' lang='lat' dir='ltr'>novi</span> 
     </span>
    </p>
   </div>
   <div class='ocr_carea' id='block_1_4' title="bbox 396 528 1350 583">
    <p class='ocr_par' dir='ltr' id='par_1_4' title="bbox 396 528 1350 583">
     <span class='ocr_line' id='line_1_5' title="bbox 396 528 1350 583; baseline -0.01 -8"><span class='ocrx_word' id='word_1_15' title='bbox 396 536 428 574; x_wconf 84' lang='lat' dir='ltr'>F</span> <span class='ocrx_word' id='word_1_16' title='bbox 431 536 582 574; x_wconf 85' lang='lat' dir='ltr'>luctus.</span> <span class='ocrx_word' id='word_1_17' title='bbox 641 534 675 573; x_wconf 94' lang='lat' dir='ltr'>O</span> <span class='ocrx_word' id='word_1_18' title='bbox 699 532 799 583; x_wconf 88' lang='lat' dir='ltr'>quid</span> <span class='ocrx_word' id='word_1_19' title='bbox 819 530 936 582; x_wconf 87' lang='lat' dir='ltr'>agis?</span> <span class='ocrx_word' id='word_1_20' title='bbox 996 528 1175 568; x_wconf 83' lang='lat' dir='ltr'>Fortiter</span> <span class='ocrx_word' id='word_1_21' title='bbox 1193 539 1350 577; x_wconf 85' lang='lat' dir='ltr'>occupa</span> 
     </span>
    </p>
   </div>
   <div class='ocr_carea' id='block_1_5' title="bbox 447 593 1057 708">
    <p class='ocr_par' dir='ltr' id='par_1_5' title="bbox 447 593 1057 708">
     <span class='ocr_line' id='line_1_6' title="bbox 447 593 1057 638; baseline -0.01 -2"><span class='ocrx_word' id='word_1_22' title='bbox 447 598 632 636; x_wconf 89' lang='lat' dir='ltr'>Portum.</span> <span class='ocrx_word' id='word_1_23' title='bbox 690 595 839 633; x_wconf 81' lang='lat' dir='ltr'>Nonne</span> <span class='ocrx_word' id='word_1_24' title='bbox 859 593 987 638; x_wconf 90' lang='lat' dir='ltr'>vides,</span> <span class='ocrx_word' id='word_1_25' title='bbox 1009 596 1057 630; x_wconf 90' lang='lat' dir='ltr'>ut</span> 
     </span>
     <span class='ocr_line' id='line_1_7' title="bbox 498 657 988 708; baseline -0.012 -8"><span class='ocrx_word' id='word_1_26' title='bbox 498 660 671 699; x_wconf 89' lang='lat' dir='ltr'>Nudum</span> <span class='ocrx_word' id='word_1_27' title='bbox 690 657 859 708; x_wconf 85' lang='lat' dir='ltr'>remigio</span> <span class='ocrx_word' id='word_1_28' title='bbox 879 657 988 695; x_wconf 87' lang='lat' dir='ltr'>latus</span> 
     </span>
    </p>
   </div>
   <div class='ocr_carea' id='block_1_6' title="bbox 393 732 1298 1645">
    <p class='ocr_par' dir='ltr' id='par_1_6' title="bbox 393 732 1298 1645">
     <span class='ocr_line' id='line_1_8' title="bbox 394 732 1077 777; baseline -0.012 0"><span class='ocrx_word' id='word_1_29' title='bbox 394 739 450 777; x_wconf 85' lang='lat' dir='ltr'>Et</span> <span class='ocrx_word' id='word_1_30' title='bbox 469 737 602 776; x_wconf 87' lang='lat' dir='ltr'>malus</span> <span class='ocrx_word' id='word_1_31' title='bbox 621 735 739 775; x_wconf 88' lang='lat' dir='ltr'>celeri</span> <span class='ocrx_word' id='word_1_32' title='bbox 758 734 920 773; x_wconf 87' lang='lat' dir='ltr'>saucius</span> <span class='ocrx_word' id='word_1_33' title='bbox 940 732 1077 770; x_wconf 76' lang='lat' dir='ltr'>Africo</span> 
     </span>
     <span class='ocr_line' id='line_1_9' title="bbox 393 793 1256 850; baseline -0.009 -10"><span class='ocrx_word' id='word_1_34' title='bbox 393 802 693 850; x_wconf 89' lang='lat' dir='ltr'>Antennaeque</span> <span class='ocrx_word' id='word_1_35' title='bbox 712 801 892 849; x_wconf 82' lang='lat' dir='ltr'>gemant,</span> <span class='ocrx_word' id='word_1_36' title='bbox 915 808 962 835; x_wconf 84' lang='lat' dir='ltr'>ac</span> <span class='ocrx_word' id='word_1_37' title='bbox 982 795 1068 834; x_wconf 86' lang='lat' dir='ltr'>sine</span> <span class='ocrx_word' id='word_1_38' title='bbox 1088 793 1256 833; x_wconf 80' lang='lat' dir='ltr'>funibus</span> 
     </span>
     <span class='ocr_line' id='line_1_10' title="bbox 446 860 872 903; baseline -0.014 0"><span class='ocrx_word' id='word_1_39' title='bbox 446 864 526 903; x_wconf 86' lang='lat' dir='ltr'>Vix</span> <span class='ocrx_word' id='word_1_40' title='bbox 545 863 692 902; x_wconf 88' lang='lat' dir='ltr'>durare</span> <span class='ocrx_word' id='word_1_41' title='bbox 711 860 872 900; x_wconf 83' lang='lat' dir='ltr'>carinae</span> 
     </span>
     <span class='ocr_line' id='line_1_11' title="bbox 500 922 938 975; baseline -0.011 -10"><span class='ocrx_word' id='word_1_42' title='bbox 500 925 662 965; x_wconf 80' lang='lat' dir='ltr'>Possint</span> <span class='ocrx_word' id='word_1_43' title='bbox 681 922 938 975; x_wconf 78' lang='lat' dir='ltr'>imperiosius</span> 
     </span>
     <span class='ocr_line' id='line_1_12' title="bbox 393 996 1296 1056; baseline -0.012 -12"><span class='ocrx_word' id='word_1_44' title='bbox 393 1003 588 1056; x_wconf 84' lang='lat' dir='ltr'>Aequor?</span> <span class='ocrx_word' id='word_1_45' title='bbox 646 1002 742 1040; x_wconf 94' lang='lat' dir='ltr'>Non</span> <span class='ocrx_word' id='word_1_46' title='bbox 763 1000 838 1039; x_wconf 88' lang='lat' dir='ltr'>tibi</span> <span class='ocrx_word' id='word_1_47' title='bbox 858 1003 955 1038; x_wconf 88' lang='lat' dir='ltr'>sunt</span> <span class='ocrx_word' id='word_1_48' title='bbox 976 999 1137 1048; x_wconf 83' lang='lat' dir='ltr'>integra</span> <span class='ocrx_word' id='word_1_49' title='bbox 1156 996 1296 1041; x_wconf 87' lang='lat' dir='ltr'>lintea,</span> 
     </span>
     <span class='ocr_line' id='line_1_13' title="bbox 394 1059 1298 1117; baseline -0.012 -9"><span class='ocrx_word' id='word_1_50' title='bbox 394 1069 490 1108; x_wconf 89' lang='lat' dir='ltr'>Non</span> <span class='ocrx_word' id='word_1_51' title='bbox 508 1067 562 1112; x_wconf 83' lang='lat' dir='ltr'>di,</span> <span class='ocrx_word' id='word_1_52' title='bbox 583 1078 686 1117; x_wconf 89' lang='lat' dir='ltr'>quos</span> <span class='ocrx_word' id='word_1_53' title='bbox 705 1065 854 1103; x_wconf 86' lang='lat' dir='ltr'>iterum</span> <span class='ocrx_word' id='word_1_54' title='bbox 873 1074 1014 1114; x_wconf 85' lang='lat' dir='ltr'>pressa</span> <span class='ocrx_word' id='word_1_55' title='bbox 1033 1073 1155 1099; x_wconf 87' lang='lat' dir='ltr'>voces</span> <span class='ocrx_word' id='word_1_56' title='bbox 1176 1059 1298 1098; x_wconf 88' lang='lat' dir='ltr'>malo.</span> 
     </span>
     <span class='ocr_line' id='line_1_14' title="bbox 448 1125 991 1182; baseline -0.015 -12"><span class='ocrx_word' id='word_1_57' title='bbox 448 1129 647 1182; x_wconf 77' lang='lat' dir='ltr'>Quamvis</span> <span class='ocrx_word' id='word_1_58' title='bbox 667 1126 839 1167; x_wconf 85' lang='lat' dir='ltr'>Pontica</span> <span class='ocrx_word' id='word_1_59' title='bbox 858 1125 991 1177; x_wconf 84' lang='lat' dir='ltr'>pinus,</span> 
     </span>
     <span class='ocr_line' id='line_1_15' title="bbox 501 1189 915 1234; baseline -0.017 -1"><span class='ocrx_word' id='word_1_60' title='bbox 501 1194 636 1233; x_wconf 81' lang='lat' dir='ltr'>Silvae</span> <span class='ocrx_word' id='word_1_61' title='bbox 655 1191 738 1229; x_wconf 87' lang='lat' dir='ltr'>filia</span> <span class='ocrx_word' id='word_1_62' title='bbox 756 1189 915 1234; x_wconf 86' lang='lat' dir='ltr'>nobilis,</span> 
     </span>
     <span class='ocr_line' id='line_1_16' title="bbox 397 1264 1163 1321; baseline -0.016 -8"><span class='ocrx_word' id='word_1_63' title='bbox 397 1274 531 1313; x_wconf 79' lang='lat' dir='ltr'>Iactes</span> <span class='ocrx_word' id='word_1_64' title='bbox 549 1274 591 1309; x_wconf 91' lang='lat' dir='ltr'>et</span> <span class='ocrx_word' id='word_1_65' title='bbox 609 1281 736 1321; x_wconf 84' lang='lat' dir='ltr'>genus</span> <span class='ocrx_word' id='word_1_66' title='bbox 756 1272 796 1306; x_wconf 90' lang='lat' dir='ltr'>et</span> <span class='ocrx_word' id='word_1_67' title='bbox 816 1278 969 1304; x_wconf 90' lang='lat' dir='ltr'>nomen</span> <span class='ocrx_word' id='word_1_68' title='bbox 988 1264 1133 1303; x_wconf 90' lang='lat' dir='ltr'>inutile</span> <span class='ocrx_word' id='word_1_69' title='bbox 1156 1275 1163 1302; x_wconf 89' lang='lat'>:</span> 
     </span>
     <span class='ocr_line' id='line_1_17' title="bbox 394 1326 1191 1386; baseline -0.016 -10"><span class='ocrx_word' id='word_1_70' title='bbox 394 1336 464 1376; x_wconf 91' lang='lat' dir='ltr'>Nil</span> <span class='ocrx_word' id='word_1_71' title='bbox 482 1333 603 1386; x_wconf 87' lang='lat' dir='ltr'>pictis</span> <span class='ocrx_word' id='word_1_72' title='bbox 622 1331 793 1371; x_wconf 90' lang='lat' dir='ltr'>timidus</span> <span class='ocrx_word' id='word_1_73' title='bbox 812 1329 960 1367; x_wconf 83' lang='lat' dir='ltr'>navita</span> <span class='ocrx_word' id='word_1_74' title='bbox 979 1326 1191 1379; x_wconf 80' lang='lat' dir='ltr'>puppibus</span> 
     </span>
     <span class='ocr_line' id='line_1_18' title="bbox 450 1391 957 1440; baseline -0.016 -3"><span class='ocrx_word' id='word_1_75' title='bbox 450 1397 573 1437; x_wconf 86' lang='lat' dir='ltr'>Fidit.</span> <span class='ocrx_word' id='word_1_76' title='bbox 628 1395 704 1440; x_wconf 91' lang='lat' dir='ltr'>Tu,</span> <span class='ocrx_word' id='word_1_77' title='bbox 725 1393 802 1432; x_wconf 89' lang='lat' dir='ltr'>nisi</span> <span class='ocrx_word' id='word_1_78' title='bbox 820 1391 957 1431; x_wconf 89' lang='lat' dir='ltr'>ventis</span> 
     </span>
     <span class='ocr_line' id='line_1_19' title="bbox 503 1456 1028 1501; baseline -0.015 -1"><span class='ocrx_word' id='word_1_79' title='bbox 503 1460 638 1501; x_wconf 87' lang='lat' dir='ltr'>Debes</span> <span class='ocrx_word' id='word_1_80' title='bbox 657 1456 891 1501; x_wconf 86' lang='lat' dir='ltr'>ludibrium,</span> <span class='ocrx_word' id='word_1_81' title='bbox 914 1467 1028 1493; x_wconf 85' lang='lat' dir='ltr'>cave.</span> 
     </span>
     <span class='ocr_line' id='line_1_20' title="bbox 397 1529 1242 1590; baseline -0.015 -11"><span class='ocrx_word' id='word_1_82' title='bbox 397 1540 539 1590; x_wconf 87' lang='lat' dir='ltr'>Nuper</span> <span class='ocrx_word' id='word_1_83' title='bbox 557 1535 777 1576; x_wconf 85' lang='lat' dir='ltr'>sollicitum</span> <span class='ocrx_word' id='word_1_84' title='bbox 796 1545 903 1584; x_wconf 88' lang='lat' dir='ltr'>quae</span> <span class='ocrx_word' id='word_1_85' title='bbox 922 1530 1025 1570; x_wconf 88' lang='lat' dir='ltr'>mihi</span> <span class='ocrx_word' id='word_1_86' title='bbox 1045 1529 1242 1574; x_wconf 88' lang='lat' dir='ltr'>taedium,</span> 
     </span>
     <span class='ocr_line' id='line_1_21' title="bbox 398 1591 1220 1645; baseline -0.016 -3"><span class='ocrx_word' id='word_1_87' title='bbox 398 1603 520 1643; x_wconf 90' lang='lat' dir='ltr'>Nunc</span> <span class='ocrx_word' id='word_1_88' title='bbox 539 1597 785 1639; x_wconf 91' lang='lat' dir='ltr'>desiderium</span> <span class='ocrx_word' id='word_1_89' title='bbox 804 1607 983 1645; x_wconf 85' lang='lat' dir='ltr'>curaque</span> <span class='ocrx_word' id='word_1_90' title='bbox 1003 1605 1086 1631; x_wconf 90' lang='lat' dir='ltr'>non</span> <span class='ocrx_word' id='word_1_91' title='bbox 1105 1591 1220 1638; x_wconf 83' lang='lat' dir='ltr'>levis,</span> 
     </span>
    </p>
   </div>
   <div class='ocr_carea' id='block_1_7' title="bbox 452 1660 1046 1774">
    <p class='ocr_par' dir='ltr' id='par_1_7' title="bbox 452 1660 1046 1774">
     <span class='ocr_line' id='line_1_22' title="bbox 452 1660 859 1704; baseline -0.02 0"><span class='ocrx_word' id='word_1_92' title='bbox 452 1663 661 1704; x_wconf 82' lang='lat' dir='ltr'>Interfusa</span> <span class='ocrx_word' id='word_1_93' title='bbox 679 1660 859 1699; x_wconf 83' lang='lat' dir='ltr'>nitentes</span> 
     </span>
     <span class='ocr_line' id='line_1_23' title="bbox 504 1720 1046 1774; baseline -0.017 -8"><span class='ocrx_word' id='word_1_94' title='bbox 504 1724 618 1766; x_wconf 88' lang='lat' dir='ltr'>Vites</span> <span class='ocrx_word' id='word_1_95' title='bbox 637 1735 816 1774; x_wconf 85' lang='lat' dir='ltr'>aequora</span> <span class='ocrx_word' id='word_1_96' title='bbox 834 1720 1046 1772; x_wconf 86' lang='lat' dir='ltr'>Cycladas.</span> 
     </span>
    </p>
   </div>
   <div class='ocr_carea' id='block_1_8' title="bbox 732 1842 892 1852">
    <p class='ocr_par' dir='ltr' id='par_1_8' title="bbox 732 1842 892 1852">
     <span class='ocr_line' id='line_1_24' title="bbox 732 1842 892 1852; baseline 0 0"><span class='ocrx_word' id='word_1_97' title='bbox 732 1842 892 1852; x_wconf 95' lang='lat' dir='ltr'> </span> 
     </span>
    </p>
   </div>
   <div class='ocr_carea' id='block_1_9' title="bbox 691 1928 994 2067">
    <p class='ocr_par' dir='ltr' id='par_1_9' title="bbox 691 1928 994 2067">
     <span class='ocr_line' id='line_1_25' title="bbox 796 1928 883 1968; baseline 0.011 -1"><span class='ocrx_word' id='word_1_98' title='bbox 796 1928 883 1968; x_wconf 88' lang='lat' dir='ltr'>XV.</span> 
     </span>
     <span class='ocr_line' id='line_1_26' title="bbox 691 2012 994 2067; baseline -0.01 -13"><span class='ocrx_word' id='word_1_99' title='bbox 691 2015 741 2067; x_wconf 85' lang='lat' dir='ltr'>(A</span> <span class='ocrx_word' id='word_1_100' title='bbox 749 2012 923 2065; x_wconf 76' lang='lat' dir='ltr'>sclepiad</span> <span class='ocrx_word' id='word_1_101' title='bbox 940 2012 994 2062; x_wconf 88' lang='lat'>4.)</span> 
     </span>
    </p>
   </div>
   <div class='ocr_carea' id='block_1_10' title="bbox 405 2097 1287 2342">
    <p class='ocr_par' dir='ltr' id='par_1_10' title="bbox 405 2097 1287 2287">
     <span class='ocr_line' id='line_1_27' title="bbox 405 2097 1287 2152; baseline -0.017 -3"><span class='ocrx_word' id='word_1_102' title='bbox 405 2111 552 2149; x_wconf 84' lang='lat' dir='ltr'>Pastor</span> <span class='ocrx_word' id='word_1_103' title='bbox 572 2118 666 2145; x_wconf 86' lang='lat' dir='ltr'>cum</span> <span class='ocrx_word' id='word_1_104' title='bbox 687 2103 869 2143; x_wconf 88' lang='lat' dir='ltr'>traheret</span> <span class='ocrx_word' id='word_1_105' title='bbox 889 2113 962 2152; x_wconf 90' lang='lat' dir='ltr'>per</span> <span class='ocrx_word' id='word_1_106' title='bbox 981 2100 1088 2139; x_wconf 79' lang='lat' dir='ltr'>freta</span> <span class='ocrx_word' id='word_1_107' title='bbox 1108 2097 1287 2136; x_wconf 88' lang='lat' dir='ltr'>navibus</span> 
     </span>
     <span class='ocr_line' id='line_1_28' title="bbox 407 2162 1207 2218; baseline -0.018 -6"><span class='ocrx_word' id='word_1_108' title='bbox 407 2171 542 2212; x_wconf 81' lang='lat' dir='ltr'>Idaeis</span> <span class='ocrx_word' id='word_1_109' title='bbox 562 2169 747 2208; x_wconf 88' lang='lat' dir='ltr'>Helenen</span> <span class='ocrx_word' id='word_1_110' title='bbox 766 2165 947 2218; x_wconf 87' lang='lat' dir='ltr'>perfidus</span> <span class='ocrx_word' id='word_1_111' title='bbox 966 2162 1179 2215; x_wconf 88' lang='lat' dir='ltr'>hospitam</span> <span class='ocrx_word' id='word_1_112' title='bbox 1197 2172 1207 2208; x_wconf 88' lang='lat'>;</span> 
     </span>
     <span class='ocr_line' id='line_1_29' title="bbox 408 2227 1011 2287; baseline -0.018 -11"><span class='ocrx_word' id='word_1_113' title='bbox 408 2237 578 2287; x_wconf 83' lang='lat' dir='ltr'>Ingrato</span> <span class='ocrx_word' id='word_1_114' title='bbox 597 2232 745 2272; x_wconf 87' lang='lat' dir='ltr'>celeres</span> <span class='ocrx_word' id='word_1_115' title='bbox 764 2228 903 2269; x_wconf 89' lang='lat' dir='ltr'>obruit</span> <span class='ocrx_word' id='word_1_116' title='bbox 924 2227 1011 2266; x_wconf 92' lang='lat' dir='ltr'>otio</span> 
     </span>
    </p>

    <p class='ocr_par' dir='ltr' id='par_1_11' title="bbox 460 2290 989 2342">
     <span class='ocr_line' id='line_1_30' title="bbox 460 2290 989 2342; baseline -0.019 -3"><span class='ocrx_word' id='word_1_117' title='bbox 460 2298 629 2342; x_wconf 90' lang='lat' dir='ltr'>Ventos,</span> <span class='ocrx_word' id='word_1_118' title='bbox 650 2299 698 2334; x_wconf 89' lang='lat' dir='ltr'>ut</span> <span class='ocrx_word' id='word_1_119' title='bbox 718 2296 882 2334; x_wconf 87' lang='lat' dir='ltr'>caneret</span> <span class='ocrx_word' id='word_1_120' title='bbox 902 2290 989 2330; x_wconf 80' lang='lat' dir='ltr'>fera</span> 
     </span>
    </p>
   </div>
   <div class='ocr_carea' id='block_1_11' title="bbox 1427 185 1474 224">
    <p class='ocr_par' dir='ltr' id='par_1_12' title="bbox 1427 185 1474 224">
     <span class='ocr_line' id='line_1_31' title="bbox 1427 185 1474 224; baseline 0 -12"><span class='ocrx_word' id='word_1_121' title='bbox 1427 185 1474 224; x_wconf 79' lang='lat'>31</span> 
     </span>
    </p>
   </div>
   <div class='ocr_carea' id='block_1_12' title="bbox 1434 1069 1481 1096">
    <p class='ocr_par' dir='ltr' id='par_1_13' title="bbox 1434 1069 1481 1096">
     <span class='ocr_line' id='line_1_32' title="bbox 1434 1069 1481 1096; baseline 0 0"><span class='ocrx_word' id='word_1_122' title='bbox 1434 1069 1481 1096; x_wconf 86' lang='lat'>10</span> 
     </span>
    </p>
   </div>
   <div class='ocr_carea' id='block_1_13' title="bbox 1432 1397 1478 1436">
    <p class='ocr_par' dir='ltr' id='par_1_14' title="bbox 1432 1397 1478 1436">
     <span class='ocr_line' id='line_1_33' title="bbox 1432 1397 1478 1436; baseline 0 0"><span class='ocrx_word' id='word_1_123' title='bbox 1432 1397 1478 1436; x_wconf 87' lang='lat'>15</span> 
     </span>
    </p>
   </div>
   <div class='ocr_carea' id='block_1_14' title="bbox 1433 1728 1484 1755">
    <p class='ocr_par' dir='ltr' id='par_1_15' title="bbox 1433 1728 1484 1755">
     <span class='ocr_line' id='line_1_34' title="bbox 1433 1728 1484 1755; baseline 0 0"><span class='ocrx_word' id='word_1_124' title='bbox 1433 1728 1484 1755; x_wconf 88' lang='lat'>20</span> 
     </span>
    </p>
   </div>
  </div>
 </body>
</html>
