1700 2573
639 164 750 192 ones
779 163 806 191 1.
838 163 900 202 24,
931 159 993 200 25.

748 273 893 312 XXIV.

669 352 902 403 (Asclepiad
919 351 972 402 4.)

379 428 480 479 Quis
499 427 699 467 desiderio
720 426 772 465 sit
792 426 927 477 pudor
948 429 1021 464 aut
1043 426 1192 464 modus

377 491 482 530 Tam
495 491 584 533 ,cari
604 490 751 541 capitis
767 489 782 528 ?
844 489 1038 539 Praecipe
1058 487 1254 539 lugubres

379 558 547 602 Cantus,
570 557 838 607 Melpomene,
861 555 926 593 cui
945 554 1149 605 liquidam
1168 556 1286 604 pater

432 620 586 658 Vocem
605 631 700 657 cum
719 617 879 656 cithara
899 617 1025 656 dedit.

384 697 492 748 Ergo
512 696 759 747 Quintilium
779 698 1003 745 perpetuus
1024 705 1147 744 sopor

381 758 569 810 Urguet?
627 758 702 798 Cui
722 758 860 796 Pudor
879 761 920 796 et
942 756 1133 795 Iustitiae
1158 767 1284 800 soror,

382 826 630 875 Incorrupta
650 823 783 869 Fides,
804 823 1000 874 nudaque
1019 821 1185 861 Veritas

433 891 609 942 Quando
628 891 759 928 ullum
778 889 961 928 inveniet
981 900 1123 939 parem
1141 887 1155 926 ?

381 968 522 1008 Multis
541 968 606 1006 ille
629 967 744 1005 bonis
764 966 910 1006 flebilis
929 965 1092 1010 occidit,

380 1034 493 1073 Nulli
510 1033 693 1078 flebilior,
716 1045 843 1083 quam
862 1031 950 1077 tibi,
972 1030 1134 1082 Vergili.

379 1098 443 1137 Tu
462 1097 616 1136 frustra
636 1096 728 1147 pius
748 1095 830 1134 heu
849 1108 932 1134 non
953 1095 1012 1133 ita
1033 1093 1238 1132 creditum

434 1162 572 1201 Poscis
591 1161 838 1212 Quintilium
857 1161 966 1199 deos.

382 1240 491 1291 Quid
510 1239 543 1278 si
561 1238 748 1277 Threicio
768 1237 962 1276 blandius
982 1236 1148 1288 Orpheo

382 1303 582 1343 Auditam
601 1302 811 1340 moderere
831 1300 1049 1340 arboribus
1069 1300 1192 1339 fidem
1211 1300 1225 1338 ζ)

381 1367 495 1406 Num
514 1378 647 1404 vanae
667 1365 809 1403 redeat
829 1364 1000 1414 sanguis
1019 1363 1200 1414 imagini,

435 1429 571 1480 Quam
590 1428 706 1478 virga
725 1427 851 1466 semel
872 1426 1051 1472 horrida,

381 1507 476 1546 Non
496 1505 597 1544 lenis
618 1504 809 1556 precibus
831 1504 920 1542 fata
940 1503 1159 1548 recludere,

384 1569 511 1620 Nigro
531 1568 761 1619 conpulerit
783 1566 1007 1606 Mercurius
1026 1566 1136 1617 gregi
1153 1566 1168 1604 Ρ

435 1633 597 1671 Durum
619 1643 626 1670 :
658 1631 730 1669 sed
749 1630 880 1669 levius
899 1629 948 1668 fit
968 1628 1172 1680 patientia
1195 1675 1229 1685 fl

437 1695 649 1746 Quidquid
668 1694 905 1745 corrigerest
924 1692 1053 1757 nejas.

763 1913 887 1952 XXV.

692 1986 885 2038 (Sapplzic
908 1986 958 2037 1.)

387 2078 554 2117 Parcius
574 2077 737 2115 iunctas
757 2075 956 2126 quatiunt
976 2073 1178 2113 fenestras

387 2143 573 2183 Iactibus
593 2141 744 2181 crebris
763 2141 932 2179 iuvenes
952 2139 1148 2191 protervi,

386 2207 473 2245 Nec
493 2206 570 2244 tibi
589 2216 754 2244 somnos
775 2203 979 2249 adimunt,
1001 2206 1200 2252 amatque

495 2269 627 2308 Ianua
646 2268 783 2313 limen,

1420 160 1471 201 39

1426 1041 1475 1068 10

1426 1703 1478 1731 20
