1679 2583
437 457 503 512 Q.
562 458 852 510 HORATI
905 460 1163 510 FLACCI

539 574 1043 633 (DAdzhdlssujhl

549 697 724 736 IJBER
762 698 1038 750 QUARrus

777 797 810 835 Ι.

638 883 874 935 (Asclepiad
893 885 946 935 3.)

353 971 630 1017 INTERMISSA,
653 972 805 1018 Venus,
828 972 900 1011 diu

404 1034 563 1073 Rursus
583 1035 691 1073 bella
710 1048 853 1078 moves
870 1035 885 1074 ?
946 1036 1085 1081 Parce,
1108 1049 1264 1087 precor,
1286 1049 1443 1087 precor.

350 1097 444 1136 Non
464 1110 556 1136 sum
578 1099 711 1149 qualis
731 1111 844 1137 eram
864 1098 998 1137 bonae

403 1159 489 1197 Sub
509 1173 634 1210 regno
654 1160 838 1199 Cinarae.
897 1161 1060 1207 Desine,
1084 1161 1267 1200 dulcium

349 1246 483 1284 Mater
502 1260 628 1286 saeva
648 1247 913 1298 Cupidinum,
1419 1258 1441 1298 5

402 1309 518 1348 Circa
538 1310 670 1349 lustra
690 1311 833 1350 decem
853 1311 1017 1350 flectere
1038 1312 1231 1351 mollibus

349 1372 439 1410 Iam
459 1373 611 1411 durum
631 1373 814 1425 imperiis
836 1386 843 1413 :
876 1374 956 1420 abi,

400 1435 492 1486 Quo
512 1436 690 1475 blandae
711 1437 910 1476 iuvenum
932 1442 972 1476 te
992 1443 1190 1477 revocant
1212 1451 1363 1489 preces.

345 1522 651 1574 Tempestivius
671 1525 713 1563 in
733 1526 906 1564 domum

399 1586 544 1632 Paulli,
566 1588 783 1638 purpureis
804 1589 887 1627 ales
906 1588 1101 1635 oloribus,
1393 1601 1442 1628 10

345 1648 626 1688 Comissabere
647 1650 832 1696 Maximi,

398 1711 439 1750 Si
460 1716 614 1750 torrere
633 1712 745 1751 iecur
765 1713 929 1763 quaeris
949 1713 1158 1754 idoneum.

344 1799 537 1850 Namque
557 1805 598 1838 et
619 1800 769 1839 nobilis
789 1806 830 1839 et
851 1802 1000 1840 decens

397 1863 453 1901 Et
473 1876 548 1913 pro
568 1863 753 1902 sollicitis
773 1877 857 1902 non
878 1864 1032 1904 tacitus
1051 1865 1130 1904 reis

342 1924 397 1963 Et
418 1930 588 1964 centum
607 1938 710 1976 puer
729 1926 884 1965 artium
1390 1939 1435 1978 15

396 1987 500 2026 Late
519 1988 636 2039 signa
656 1988 760 2028 feret
781 1990 954 2028 militiae
975 1995 1073 2030 tuae
1092 2002 1101 2037 ;

342 2074 399 2114 Et
419 2076 672 2126 quandoque
692 2077 904 2127 potentior

396 2137 517 2189 Largi
537 2139 778 2178 muneribus
797 2140 931 2179 riserit
952 2141 1117 2187 aemuli,

341 2200 526 2240 Albanos
545 2215 674 2253 prope
695 2207 736 2241 te
756 2203 870 2242 lacus

395 2263 526 2303 Ponet
547 2277 822 2304 marmoream
842 2267 919 2305 sub
941 2267 1059 2306 trabe
1079 2268 1219 2306 citrea.
1385 2280 1435 2308 20

752 2340 811 2362 111
