<?xml version="1.0" encoding="UTF-8"?>
<!DOCTYPE html PUBLIC "-//W3C//DTD XHTML 1.0 Transitional//EN"
    "http://www.w3.org/TR/xhtml1/DTD/xhtml1-transitional.dtd">
<html xmlns="http://www.w3.org/1999/xhtml" xml:lang="en" lang="en">
 <head>
  <title>
</title>
<meta http-equiv="Content-Type" content="text/html;charset=utf-8" />
  <meta name='ocr-system' content='tesseract 3.04.00' />
  <meta name='ocr-capabilities' content='ocr_page ocr_carea ocr_par ocr_line ocrx_word'/>
</head>
<body>
  <div class='ocr_page' id='page_1' title='image "./odeshor00horauoft_0033.png"; bbox 0 0 1700 2573; ppageno 0'>
   <div class='ocr_carea' id='block_1_1' title="bbox 703 149 1469 199">
    <p class='ocr_par' dir='ltr' id='par_1_1' title="bbox 703 149 1469 199">
     <span class='ocr_line' id='line_1_1' title="bbox 703 149 1469 199; baseline -0.001 -9"><span class='ocrx_word' id='word_1_1' title='bbox 703 159 814 191; x_wconf 80' lang='lat' dir='ltr'>oDEs</span> <span class='ocrx_word' id='word_1_2' title='bbox 844 161 870 190; x_wconf 92' lang='lat'>1.</span> <span class='ocrx_word' id='word_1_3' title='bbox 900 149 936 190; x_wconf 87' lang='lat'>8.</span> <span class='ocrx_word' id='word_1_4' title='bbox 1420 157 1469 199; x_wconf 85' lang='lat'>25</span> 
     </span>
    </p>
   </div>
   <div class='ocr_carea' id='block_1_2' title="bbox 226 272 1469 503">
    <p class='ocr_par' dir='ltr' id='par_1_2' title="bbox 226 272 1469 503">
     <span class='ocr_line' id='line_1_2' title="bbox 227 272 1154 325; baseline -0.001 -13"><span class='ocrx_word' id='word_1_5' title='bbox 227 272 465 325; x_wconf 78' lang='lat' dir='ltr'>Perpetuos,</span> <span class='ocrx_word' id='word_1_6' title='bbox 487 274 543 313; x_wconf 91' lang='lat' dir='ltr'>sic</span> <span class='ocrx_word' id='word_1_7' title='bbox 564 279 610 313; x_wconf 90' lang='lat' dir='ltr'>tu</span> <span class='ocrx_word' id='word_1_8' title='bbox 629 274 791 325; x_wconf 90' lang='lat' dir='ltr'>sapiens</span> <span class='ocrx_word' id='word_1_9' title='bbox 810 273 925 312; x_wconf 91' lang='lat' dir='ltr'>finire</span> <span class='ocrx_word' id='word_1_10' title='bbox 944 277 1154 312; x_wconf 87' lang='lat' dir='ltr'>memento</span> 
     </span>
     <span class='ocr_line' id='line_1_3' title="bbox 278 337 899 389; baseline 0.002 -14"><span class='ocrx_word' id='word_1_11' title='bbox 278 337 507 376; x_wconf 87' lang='lat' dir='ltr'>Tristitiam</span> <span class='ocrx_word' id='word_1_12' title='bbox 526 337 720 389; x_wconf 90' lang='lat' dir='ltr'>vitaeque</span> <span class='ocrx_word' id='word_1_13' title='bbox 739 338 899 376; x_wconf 89' lang='lat' dir='ltr'>labores</span> 
     </span>
     <span class='ocr_line' id='line_1_4' title="bbox 226 399 1199 451; baseline -0.001 -12"><span class='ocrx_word' id='word_1_14' title='bbox 226 400 350 446; x_wconf 90' lang='lat' dir='ltr'>Molli,</span> <span class='ocrx_word' id='word_1_15' title='bbox 373 401 533 447; x_wconf 81' lang='lat' dir='ltr'>Plance,</span> <span class='ocrx_word' id='word_1_16' title='bbox 555 414 680 447; x_wconf 91' lang='lat' dir='ltr'>mero,</span> <span class='ocrx_word' id='word_1_17' title='bbox 701 414 773 440; x_wconf 89' lang='lat' dir='ltr'>seu</span> <span class='ocrx_word' id='word_1_18' title='bbox 793 405 833 440; x_wconf 91' lang='lat' dir='ltr'>te</span> <span class='ocrx_word' id='word_1_19' title='bbox 854 400 1054 451; x_wconf 79' lang='lat' dir='ltr'>fulgentia</span> <span class='ocrx_word' id='word_1_20' title='bbox 1074 399 1199 450; x_wconf 86' lang='lat' dir='ltr'>signis</span> 
     </span>
     <span class='ocr_line' id='line_1_5' title="bbox 278 463 1469 503; baseline -0.003 0"><span class='ocrx_word' id='word_1_21' title='bbox 278 463 423 503; x_wconf 88' lang='lat' dir='ltr'>Castra</span> <span class='ocrx_word' id='word_1_22' title='bbox 442 469 585 503; x_wconf 90' lang='lat' dir='ltr'>tenent</span> <span class='ocrx_word' id='word_1_23' title='bbox 605 477 676 503; x_wconf 87' lang='lat' dir='ltr'>seu</span> <span class='ocrx_word' id='word_1_24' title='bbox 696 464 823 503; x_wconf 90' lang='lat' dir='ltr'>densa</span> <span class='ocrx_word' id='word_1_25' title='bbox 843 463 1001 502; x_wconf 89' lang='lat' dir='ltr'>tenebit</span> <span class='ocrx_word' id='word_1_26' title='bbox 1420 472 1469 499; x_wconf 85' lang='lat'>20</span> 
     </span>
    </p>
   </div>
   <div class='ocr_carea' id='block_1_3' title="bbox 225 542 1352 778">
    <p class='ocr_par' dir='ltr' id='par_1_3' title="bbox 225 542 1352 662">
     <span class='ocr_line' id='line_1_6' title="bbox 225 542 1352 593; baseline -0.002 -12"><span class='ocrx_word' id='word_1_27' title='bbox 225 542 388 582; x_wconf 81' lang='lat' dir='ltr'><strong>Tiburis</strong></span> <span class='ocrx_word' id='word_1_28' title='bbox 407 544 556 583; x_wconf 89' lang='lat' dir='ltr'>umbra</span> <span class='ocrx_word' id='word_1_29' title='bbox 575 544 648 583; x_wconf 90' lang='lat' dir='ltr'>tui.</span> <span class='ocrx_word' id='word_1_30' title='bbox 705 543 860 583; x_wconf 80' lang='lat' dir='ltr'>Teucer</span> <span class='ocrx_word' id='word_1_31' title='bbox 879 543 1089 582; x_wconf 78' lang='lat' dir='ltr'>Salamina</span> <span class='ocrx_word' id='word_1_32' title='bbox 1107 546 1352 593; x_wconf 85' lang='lat' dir='ltr'>patremque</span> 
     </span>
     <span class='ocr_line' id='line_1_7' title="bbox 278 610 997 662; baseline -0.001 -13"><span class='ocrx_word' id='word_1_33' title='bbox 278 610 382 649; x_wconf 87' lang='lat' dir='ltr'>Cum</span> <span class='ocrx_word' id='word_1_34' title='bbox 402 610 573 662; x_wconf 77' lang='lat' dir='ltr'>fugeret,</span> <span class='ocrx_word' id='word_1_35' title='bbox 596 615 736 649; x_wconf 90' lang='lat' dir='ltr'>tamen</span> <span class='ocrx_word' id='word_1_36' title='bbox 756 611 839 649; x_wconf 89' lang='lat' dir='ltr'>uda</span> <span class='ocrx_word' id='word_1_37' title='bbox 859 610 997 660; x_wconf 87' lang='lat' dir='ltr'>Lyaeo</span> 
     </span>
    </p>

    <p class='ocr_par' dir='ltr' id='par_1_4' title="bbox 225 672 1157 778">
     <span class='ocr_line' id='line_1_8' title="bbox 225 672 1157 725; baseline 0 -15"><span class='ocrx_word' id='word_1_38' title='bbox 225 672 429 724; x_wconf 89' lang='lat' dir='ltr'>Tempora</span> <span class='ocrx_word' id='word_1_39' title='bbox 448 674 625 725; x_wconf 92' lang='lat' dir='ltr'>populea</span> <span class='ocrx_word' id='word_1_40' title='bbox 645 674 774 712; x_wconf 78' lang='lat' dir='ltr'>fertur</span> <span class='ocrx_word' id='word_1_41' title='bbox 793 672 972 711; x_wconf 76' lang='lat' dir='ltr'>vinxisse</span> <span class='ocrx_word' id='word_1_42' title='bbox 993 684 1157 715; x_wconf 90' lang='lat' dir='ltr'>corona,</span> 
     </span>
     <span class='ocr_line' id='line_1_9' title="bbox 279 736 886 778; baseline 0.007 -4"><span class='ocrx_word' id='word_1_43' title='bbox 279 736 343 775; x_wconf 89' lang='lat' dir='ltr'>Sic</span> <span class='ocrx_word' id='word_1_44' title='bbox 363 737 500 776; x_wconf 87' lang='lat' dir='ltr'>tristes</span> <span class='ocrx_word' id='word_1_45' title='bbox 520 738 687 776; x_wconf 79' lang='lat' dir='ltr'>adfatus</span> <span class='ocrx_word' id='word_1_46' title='bbox 707 737 859 775; x_wconf 91' lang='lat' dir='ltr'>amicos</span> <span class='ocrx_word' id='word_1_47' title='bbox 877 749 886 778; x_wconf 77' lang='lat' dir='ltr'>t</span> 
     </span>
    </p>
   </div>
   <div class='ocr_carea' id='block_1_4' title="bbox 225 817 1466 1060">
    <p class='ocr_par' dir='ltr' id='par_1_5' title="bbox 227 817 1466 933">
     <span class='ocr_line' id='line_1_10' title="bbox 227 817 1466 870; baseline -0.001 -13"><span class='ocrx_word' id='word_1_48' title='bbox 227 818 250 831; x_wconf 91' lang='lat'><strong>“</strong></span> <span class='ocrx_word' id='word_1_49' title='bbox 269 817 360 868; x_wconf 77' lang='lat' dir='ltr'>Quo</span> <span class='ocrx_word' id='word_1_50' title='bbox 379 832 454 858; x_wconf 92' lang='lat' dir='ltr'>nos</span> <span class='ocrx_word' id='word_1_51' title='bbox 474 831 650 870; x_wconf 89' lang='lat' dir='ltr'>cumque</span> <span class='ocrx_word' id='word_1_52' title='bbox 670 819 772 857; x_wconf 82' lang='lat' dir='ltr'>feret</span> <span class='ocrx_word' id='word_1_53' title='bbox 791 819 934 857; x_wconf 89' lang='lat' dir='ltr'>melior</span> <span class='ocrx_word' id='word_1_54' title='bbox 952 818 1121 857; x_wconf 82' lang='lat' dir='ltr'>fortuna</span> <span class='ocrx_word' id='word_1_55' title='bbox 1140 822 1323 869; x_wconf 84' lang='lat' dir='ltr'>parente,</span> <span class='ocrx_word' id='word_1_56' title='bbox 1419 828 1466 867; x_wconf 82' lang='lat'>25</span> 
     </span>
     <span class='ocr_line' id='line_1_11' title="bbox 280 881 912 933; baseline 0.002 -14"><span class='ocrx_word' id='word_1_57' title='bbox 280 881 449 927; x_wconf 89' lang='lat' dir='ltr'>Ibimus,</span> <span class='ocrx_word' id='word_1_58' title='bbox 471 895 495 920; x_wconf 96' lang='lat' dir='ltr'>o</span> <span class='ocrx_word' id='word_1_59' title='bbox 515 882 612 921; x_wconf 85' lang='lat' dir='ltr'>socii</span> <span class='ocrx_word' id='word_1_60' title='bbox 632 882 884 933; x_wconf 81' lang='lat' dir='ltr'>comitesque</span> <span class='ocrx_word' id='word_1_61' title='bbox 906 881 912 920; x_wconf 93' lang='lat'>!</span> 
     </span>
    </p>

    <p class='ocr_par' dir='ltr' id='par_1_6' title="bbox 225 944 1366 1060">
     <span class='ocr_line' id='line_1_12' title="bbox 225 944 1366 996; baseline 0.001 -12"><span class='ocrx_word' id='word_1_62' title='bbox 225 944 294 983; x_wconf 88' lang='lat' dir='ltr'>Nil</span> <span class='ocrx_word' id='word_1_63' title='bbox 313 945 616 996; x_wconf 87' lang='lat' dir='ltr'>desperandum</span> <span class='ocrx_word' id='word_1_64' title='bbox 635 945 792 984; x_wconf 85' lang='lat' dir='ltr'>Teucro</span> <span class='ocrx_word' id='word_1_65' title='bbox 812 945 916 984; x_wconf 90' lang='lat' dir='ltr'>duce</span> <span class='ocrx_word' id='word_1_66' title='bbox 936 950 977 983; x_wconf 92' lang='lat' dir='ltr'>et</span> <span class='ocrx_word' id='word_1_67' title='bbox 998 944 1162 995; x_wconf 87' lang='lat' dir='ltr'>auspice</span> <span class='ocrx_word' id='word_1_68' title='bbox 1181 944 1340 982; x_wconf 91' lang='lat' dir='ltr'>Teucro</span> <span class='ocrx_word' id='word_1_69' title='bbox 1358 957 1366 985; x_wconf 89' lang='lat'>:</span> 
     </span>
     <span class='ocr_line' id='line_1_13' title="bbox 278 1007 940 1060; baseline -0.002 -13"><span class='ocrx_word' id='word_1_70' title='bbox 278 1007 424 1047; x_wconf 82' lang='lat' dir='ltr'>Certus</span> <span class='ocrx_word' id='word_1_71' title='bbox 443 1009 552 1047; x_wconf 90' lang='lat' dir='ltr'>enim</span> <span class='ocrx_word' id='word_1_72' title='bbox 572 1008 760 1060; x_wconf 84' lang='lat' dir='ltr'>promisit</span> <span class='ocrx_word' id='word_1_73' title='bbox 780 1008 940 1059; x_wconf 83' lang='lat' dir='ltr'>Apollo,</span> 
     </span>
    </p>
   </div>
   <div class='ocr_carea' id='block_1_5' title="bbox 226 1090 1466 1332">
    <p class='ocr_par' dir='ltr' id='par_1_7' title="bbox 226 1090 1215 1141">
     <span class='ocr_line' id='line_1_14' title="bbox 226 1090 1215 1141; baseline -0.001 -13"><span class='ocrx_word' id='word_1_74' title='bbox 226 1090 475 1141; x_wconf 83' lang='lat' dir='ltr'>Ambiguam</span> <span class='ocrx_word' id='word_1_75' title='bbox 496 1092 639 1130; x_wconf 90' lang='lat' dir='ltr'>tellure</span> <span class='ocrx_word' id='word_1_76' title='bbox 659 1103 769 1129; x_wconf 88' lang='lat' dir='ltr'>nova</span> <span class='ocrx_word' id='word_1_77' title='bbox 789 1090 997 1129; x_wconf 84' lang='lat' dir='ltr'>Salamina</span> <span class='ocrx_word' id='word_1_78' title='bbox 1018 1090 1215 1128; x_wconf 82' lang='lat' dir='ltr'>futuram.</span> 
     </span>
    </p>

    <p class='ocr_par' dir='ltr' id='par_1_8' title="bbox 226 1154 1466 1268">
     <span class='ocr_line' id='line_1_15' title="bbox 277 1154 1466 1205; baseline -0.003 -12"><span class='ocrx_word' id='word_1_79' title='bbox 277 1154 313 1193; x_wconf 93' lang='lat' dir='ltr'>O</span> <span class='ocrx_word' id='word_1_80' title='bbox 334 1154 460 1193; x_wconf 85' lang='lat' dir='ltr'>fortes</span> <span class='ocrx_word' id='word_1_81' title='bbox 479 1154 699 1205; x_wconf 89' lang='lat' dir='ltr'>peioraque</span> <span class='ocrx_word' id='word_1_82' title='bbox 719 1154 828 1205; x_wconf 88' lang='lat' dir='ltr'>passi</span> <span class='ocrx_word' id='word_1_83' title='bbox 1418 1162 1466 1200; x_wconf 84' lang='lat'>30</span> 
     </span>
     <span class='ocr_line' id='line_1_16' title="bbox 226 1217 1211 1268; baseline -0.002 -12"><span class='ocrx_word' id='word_1_84' title='bbox 226 1217 387 1256; x_wconf 90' lang='lat' dir='ltr'>Mecum</span> <span class='ocrx_word' id='word_1_85' title='bbox 407 1230 528 1268; x_wconf 90' lang='lat' dir='ltr'>saepe</span> <span class='ocrx_word' id='word_1_86' title='bbox 548 1218 638 1261; x_wconf 85' lang='lat' dir='ltr'>viri.</span> <span class='ocrx_word' id='word_1_87' title='bbox 660 1230 769 1256; x_wconf 89' lang='lat' dir='ltr'>nunc</span> <span class='ocrx_word' id='word_1_88' title='bbox 789 1217 886 1255; x_wconf 91' lang='lat' dir='ltr'>vino</span> <span class='ocrx_word' id='word_1_89' title='bbox 906 1217 1045 1268; x_wconf 87' lang='lat' dir='ltr'>pellite</span> <span class='ocrx_word' id='word_1_90' title='bbox 1066 1228 1184 1254; x_wconf 90' lang='lat' dir='ltr'>curas</span> <span class='ocrx_word' id='word_1_91' title='bbox 1202 1226 1211 1262; x_wconf 89' lang='lat'>;</span> 
     </span>
    </p>

    <p class='ocr_par' dir='ltr' id='par_1_9' title="bbox 277 1279 1010 1332">
     <span class='ocr_line' id='line_1_17' title="bbox 277 1279 1010 1332; baseline -0.003 -13"><span class='ocrx_word' id='word_1_92' title='bbox 277 1280 375 1319; x_wconf 90' lang='lat' dir='ltr'>Cras</span> <span class='ocrx_word' id='word_1_93' title='bbox 394 1281 535 1332; x_wconf 86' lang='lat' dir='ltr'>ingens</span> <span class='ocrx_word' id='word_1_94' title='bbox 555 1281 796 1319; x_wconf 88' lang='lat' dir='ltr'>iterabimus</span> <span class='ocrx_word' id='word_1_95' title='bbox 816 1279 1010 1331; x_wconf 86' lang='lat' dir='ltr'>aequor.&#39;’</span> 
     </span>
    </p>
   </div>
   <div class='ocr_carea' id='block_1_6' title="bbox 277 1399 1359 1770">
    <p class='ocr_par' dir='ltr' id='par_1_10' title="bbox 277 1399 1359 1770">
     <span class='ocr_line' id='line_1_18' title="bbox 765 1399 875 1437; baseline 0 0"><span class='ocrx_word' id='word_1_96' title='bbox 765 1399 875 1437; x_wconf 90' lang='lat' dir='ltr'><strong>VIII.</strong></span> 
     </span>
     <span class='ocr_line' id='line_1_19' title="bbox 684 1462 957 1514; baseline 0 -13"><span class='ocrx_word' id='word_1_97' title='bbox 684 1463 877 1514; x_wconf 74' lang='lat' dir='ltr'>(Sapplzzc</span> <span class='ocrx_word' id='word_1_98' title='bbox 905 1462 957 1512; x_wconf 89' lang='lat'>2.)</span> 
     </span>
     <span class='ocr_line' id='line_1_20' title="bbox 277 1526 775 1578; baseline 0 -14"><span class='ocrx_word' id='word_1_99' title='bbox 277 1526 422 1577; x_wconf 92' lang='lat' dir='ltr'>Lydia,</span> <span class='ocrx_word' id='word_1_100' title='bbox 444 1526 521 1572; x_wconf 91' lang='lat' dir='ltr'>dic,</span> <span class='ocrx_word' id='word_1_101' title='bbox 542 1540 615 1578; x_wconf 90' lang='lat' dir='ltr'>per</span> <span class='ocrx_word' id='word_1_102' title='bbox 633 1539 775 1565; x_wconf 87' lang='lat' dir='ltr'>omnes</span> 
     </span>
     <span class='ocr_line' id='line_1_21' title="bbox 328 1591 1309 1643; baseline -0.001 -11"><span class='ocrx_word' id='word_1_103' title='bbox 328 1592 385 1631; x_wconf 89' lang='lat' dir='ltr'>Te</span> <span class='ocrx_word' id='word_1_104' title='bbox 405 1593 503 1632; x_wconf 91' lang='lat' dir='ltr'>deos</span> <span class='ocrx_word' id='word_1_105' title='bbox 523 1606 606 1639; x_wconf 92' lang='lat' dir='ltr'>oro,</span> <span class='ocrx_word' id='word_1_106' title='bbox 629 1592 805 1643; x_wconf 84' lang='lat' dir='ltr'>Sybarin</span> <span class='ocrx_word' id='word_1_107' title='bbox 826 1605 898 1631; x_wconf 93' lang='lat' dir='ltr'>cur</span> <span class='ocrx_word' id='word_1_108' title='bbox 916 1605 1109 1643; x_wconf 90' lang='lat' dir='ltr'>properes</span> <span class='ocrx_word' id='word_1_109' title='bbox 1130 1591 1309 1631; x_wconf 90' lang='lat' dir='ltr'>amando</span> 
     </span>
     <span class='ocr_line' id='line_1_22' title="bbox 277 1655 784 1707; baseline 0.002 -14"><span class='ocrx_word' id='word_1_110' title='bbox 277 1655 450 1695; x_wconf 88' lang='lat' dir='ltr'>Perdere</span> <span class='ocrx_word' id='word_1_111' title='bbox 470 1668 477 1700; x_wconf 86' lang='lat'>;</span> <span class='ocrx_word' id='word_1_112' title='bbox 508 1669 580 1695; x_wconf 91' lang='lat' dir='ltr'>cur</span> <span class='ocrx_word' id='word_1_113' title='bbox 599 1656 784 1707; x_wconf 89' lang='lat' dir='ltr'>apricum</span> 
     </span>
     <span class='ocr_line' id='line_1_23' title="bbox 327 1717 1359 1770; baseline -0.003 -12"><span class='ocrx_word' id='word_1_114' title='bbox 327 1719 473 1759; x_wconf 89' lang='lat' dir='ltr'>Oderit</span> <span class='ocrx_word' id='word_1_115' title='bbox 493 1732 700 1770; x_wconf 91' lang='lat' dir='ltr'>campum,</span> <span class='ocrx_word' id='word_1_116' title='bbox 723 1719 885 1770; x_wconf 88' lang='lat' dir='ltr'>patiens</span> <span class='ocrx_word' id='word_1_117' title='bbox 905 1719 1087 1770; x_wconf 89' lang='lat' dir='ltr'>pulveris</span> <span class='ocrx_word' id='word_1_118' title='bbox 1106 1723 1233 1769; x_wconf 90' lang='lat' dir='ltr'>atque</span> <span class='ocrx_word' id='word_1_119' title='bbox 1253 1717 1359 1762; x_wconf 89' lang='lat' dir='ltr'>solis,</span> 
     </span>
    </p>
   </div>
   <div class='ocr_carea' id='block_1_7' title="bbox 714 1359 848 1362">
    <p class='ocr_par' dir='ltr' id='par_1_11' title="bbox 714 1359 848 1362">
     <span class='ocr_line' id='line_1_24' title="bbox 714 1359 848 1362; baseline 0 0"><span class='ocrx_word' id='word_1_120' title='bbox 714 1359 848 1362; x_wconf 95' lang='lat' dir='ltr'> </span> 
     </span>
    </p>
   </div>
   <div class='ocr_carea' id='block_1_8' title="bbox 274 1802 1461 2042">
    <p class='ocr_par' dir='ltr' id='par_1_12' title="bbox 274 1802 1461 2042">
     <span class='ocr_line' id='line_1_25' title="bbox 274 1802 1461 1854; baseline -0.002 -13"><span class='ocrx_word' id='word_1_121' title='bbox 274 1802 356 1841; x_wconf 90' lang='lat' dir='ltr'>Cur</span> <span class='ocrx_word' id='word_1_122' title='bbox 374 1815 507 1854; x_wconf 89' lang='lat' dir='ltr'>neque</span> <span class='ocrx_word' id='word_1_123' title='bbox 526 1802 715 1841; x_wconf 86' lang='lat' dir='ltr'>militaris</span> <span class='ocrx_word' id='word_1_124' title='bbox 1439 1808 1461 1848; x_wconf 85' lang='lat'><strong>5</strong></span> 
     </span>
     <span class='ocr_line' id='line_1_26' title="bbox 329 1864 1294 1917; baseline -0.002 -13"><span class='ocrx_word' id='word_1_125' title='bbox 329 1865 444 1904; x_wconf 91' lang='lat' dir='ltr'>Inter</span> <span class='ocrx_word' id='word_1_126' title='bbox 463 1866 655 1917; x_wconf 88' lang='lat' dir='ltr'>aequales</span> <span class='ocrx_word' id='word_1_127' title='bbox 675 1866 848 1917; x_wconf 86' lang='lat' dir='ltr'>equitet,</span> <span class='ocrx_word' id='word_1_128' title='bbox 870 1865 1027 1904; x_wconf 88' lang='lat' dir='ltr'>Gallica</span> <span class='ocrx_word' id='word_1_129' title='bbox 1046 1877 1121 1903; x_wconf 90' lang='lat' dir='ltr'>nec</span> <span class='ocrx_word' id='word_1_130' title='bbox 1141 1864 1294 1915; x_wconf 87' lang='lat' dir='ltr'>lupatis</span> 
     </span>
     <span class='ocr_line' id='line_1_27' title="bbox 274 1928 739 1980; baseline 0 -13"><span class='ocrx_word' id='word_1_131' title='bbox 274 1928 493 1980; x_wconf 84' lang='lat' dir='ltr'>Temperet</span> <span class='ocrx_word' id='word_1_132' title='bbox 513 1942 585 1967; x_wconf 90' lang='lat' dir='ltr'>ora</span> <span class='ocrx_word' id='word_1_133' title='bbox 604 1929 739 1967; x_wconf 82' lang='lat' dir='ltr'>frenis.</span> 
     </span>
     <span class='ocr_line' id='line_1_28' title="bbox 327 1990 1434 2042; baseline -0.003 -11"><span class='ocrx_word' id='word_1_134' title='bbox 327 1992 409 2031; x_wconf 90' lang='lat' dir='ltr'>Cur</span> <span class='ocrx_word' id='word_1_135' title='bbox 429 1992 549 2031; x_wconf 87' lang='lat' dir='ltr'>timet</span> <span class='ocrx_word' id='word_1_136' title='bbox 569 1993 725 2030; x_wconf 87' lang='lat' dir='ltr'>flavum</span> <span class='ocrx_word' id='word_1_137' title='bbox 745 1991 927 2030; x_wconf 88' lang='lat' dir='ltr'>Tiberim</span> <span class='ocrx_word' id='word_1_138' title='bbox 946 1996 1114 2042; x_wconf 85' lang='lat' dir='ltr'>tangere</span> <span class='ocrx_word' id='word_1_139' title='bbox 1131 1990 1146 2029; x_wconf 74' lang='grc' dir='ltr'><em>Ρ</em></span> <span class='ocrx_word' id='word_1_140' title='bbox 1179 1990 1260 2030; x_wconf 90' lang='lat' dir='ltr'>Cur</span> <span class='ocrx_word' id='word_1_141' title='bbox 1278 1991 1434 2029; x_wconf 90' lang='lat' dir='ltr'>olivum</span> 
     </span>
    </p>
   </div>
   <div class='ocr_carea' id='block_1_9' title="bbox 275 2079 1467 2319">
    <p class='ocr_par' dir='ltr' id='par_1_13' title="bbox 275 2079 686 2130">
     <span class='ocr_line' id='line_1_29' title="bbox 275 2079 686 2130; baseline 0 -13"><span class='ocrx_word' id='word_1_142' title='bbox 275 2079 481 2130; x_wconf 81' lang='lat' dir='ltr'>Sanguine</span> <span class='ocrx_word' id='word_1_143' title='bbox 500 2079 686 2130; x_wconf 89' lang='lat' dir='ltr'>viperino</span> 
     </span>
    </p>

    <p class='ocr_par' dir='ltr' id='par_1_14' title="bbox 275 2140 1467 2256">
     <span class='ocr_line' id='line_1_30' title="bbox 328 2140 1467 2193; baseline -0.003 -12"><span class='ocrx_word' id='word_1_144' title='bbox 328 2142 499 2181; x_wconf 89' lang='lat' dir='ltr'>Cautius</span> <span class='ocrx_word' id='word_1_145' title='bbox 518 2142 640 2187; x_wconf 88' lang='lat' dir='ltr'>vitat,</span> <span class='ocrx_word' id='word_1_146' title='bbox 662 2154 795 2193; x_wconf 90' lang='lat' dir='ltr'>neque</span> <span class='ocrx_word' id='word_1_147' title='bbox 814 2142 898 2180; x_wconf 90' lang='lat' dir='ltr'>iam</span> <span class='ocrx_word' id='word_1_148' title='bbox 917 2141 1046 2180; x_wconf 87' lang='lat' dir='ltr'>livida</span> <span class='ocrx_word' id='word_1_149' title='bbox 1064 2145 1200 2192; x_wconf 86' lang='lat' dir='ltr'>gestat</span> <span class='ocrx_word' id='word_1_150' title='bbox 1220 2140 1344 2179; x_wconf 89' lang='lat' dir='ltr'>armis</span> <span class='ocrx_word' id='word_1_151' title='bbox 1419 2151 1467 2178; x_wconf 89' lang='lat'>10</span> 
     </span>
     <span class='ocr_line' id='line_1_31' title="bbox 275 2205 776 2256; baseline 0 -13"><span class='ocrx_word' id='word_1_152' title='bbox 275 2205 488 2251; x_wconf 88' lang='lat' dir='ltr'>Bracchia,</span> <span class='ocrx_word' id='word_1_153' title='bbox 510 2217 632 2256; x_wconf 83' lang='lat' dir='ltr'>saepe</span> <span class='ocrx_word' id='word_1_154' title='bbox 652 2205 776 2251; x_wconf 92' lang='lat' dir='ltr'>disco,</span> 
     </span>
    </p>

    <p class='ocr_par' dir='ltr' id='par_1_15' title="bbox 329 2266 1303 2319">
     <span class='ocr_line' id='line_1_32' title="bbox 329 2266 1303 2319; baseline -0.002 -12"><span class='ocrx_word' id='word_1_155' title='bbox 329 2267 459 2319; x_wconf 86' lang='lat' dir='ltr'>Saepe</span> <span class='ocrx_word' id='word_1_156' title='bbox 480 2272 595 2306; x_wconf 91' lang='lat' dir='ltr'>trans</span> <span class='ocrx_word' id='word_1_157' title='bbox 615 2268 739 2306; x_wconf 89' lang='lat' dir='ltr'>finem</span> <span class='ocrx_word' id='word_1_158' title='bbox 758 2268 892 2306; x_wconf 82' lang='lat' dir='ltr'>iaculo</span> <span class='ocrx_word' id='word_1_159' title='bbox 911 2267 1060 2306; x_wconf 89' lang='lat' dir='ltr'>nobilis</span> <span class='ocrx_word' id='word_1_160' title='bbox 1079 2267 1273 2318; x_wconf 82' lang='lat' dir='ltr'>expedito</span> <span class='ocrx_word' id='word_1_161' title='bbox 1289 2266 1303 2305; x_wconf 88' lang='lat'>?</span> 
     </span>
    </p>
   </div>
  </div>
 </body>
</html>
