1679 2583
702 147 814 178 ODES
845 150 906 180 111.
938 154 1002 191 30.
1434 167 1509 208 109

410 238 555 280 Laudo
575 251 815 287 manentem
835 261 844 295 ;
875 251 908 289 si
929 254 1078 294 celeres
1099 260 1237 308 quatit

409 301 575 351 Pinnas,
598 307 759 359 resigno
780 324 887 362 quae
908 315 1023 356 dedit
1044 324 1086 358 et
1105 333 1199 360 mea

461 364 626 407 Virtute
646 383 712 409 me
732 372 902 415 involvo
922 379 1182 434 probamque
1453 401 1503 441 55

513 429 759 483 Pauperiem
779 437 866 477 sine
887 441 985 481 dote
1006 456 1174 494 quaero.

404 503 499 543 Non
520 512 582 546 est
603 522 756 558 meum,
778 514 813 552 si
832 517 993 567 mugiat
1013 521 1164 563 Africis

404 566 537 608 Malus
556 574 757 621 procellis,
781 577 835 616 ad
854 580 1024 622 miseras
1044 597 1185 635 preces

456 630 681 674 Decurrere
701 642 742 676 et
763 641 874 680 votis
894 644 1059 693 pacisci,

507 695 569 734 Ne
591 697 765 749 Cypriae
785 702 1017 758 Tyriaeque
1038 723 1193 752 merces
1445 721 1497 759 60

399 769 571 811 Addant
593 786 720 815 avaro
741 778 910 820 divitias
930 785 1035 823 mari
1058 798 1065 824 :

399 830 506 872 Tum
526 848 592 875 me
612 837 780 880 biremis
799 845 1006 893 praesidio
1025 851 1205 901 scaphae

451 896 608 938 Tutum
628 914 702 951 per
720 904 906 956 Aegaeos
927 912 1135 952 tumultus

501 961 616 1002 Aura
635 964 739 1005 feret
759 969 1031 1024 geminusque
1053 975 1231 1017 Pollux.’

770 1121 901 1164 XXX.

680 1193 730 1244 (A
738 1196 916 1247 sclepiad
936 1200 988 1251 Ι.)

389 1263 520 1316 Exegi
540 1277 861 1313 monumentum
882 1289 974 1316 aere
994 1281 1216 1330 perennius

389 1325 616 1381 Regalique
636 1332 720 1372 situ
740 1338 1008 1386 pyramidum
1029 1343 1167 1391 altius,

386 1388 508 1439 Quod
527 1405 611 1432 non
631 1395 764 1436 imber
783 1400 903 1448 edax,
925 1416 1009 1443 non
1029 1406 1182 1458 Aquilo
1202 1410 1396 1463 inpotens

386 1452 521 1494 Possit
542 1456 703 1499 diruere
723 1467 797 1502 aut
817 1463 1131 1511 innumerabilis

383 1528 600 1571 Annorum
619 1535 742 1576 series
763 1543 804 1577 et
825 1540 924 1591 fuga
945 1547 1194 1596 temporum.
1456 1565 1478 1604 5

383 1590 477 1631 Non
498 1596 631 1636 omnis
651 1600 804 1640 moriar
823 1605 1040 1658 multaque
1060 1623 1156 1660 pars
1177 1614 1258 1652 mei

381 1653 544 1696 Vitabit
564 1658 792 1703 Libitinam
815 1677 823 1704 :
854 1679 986 1719 usque
1006 1683 1082 1722 ego
1102 1679 1269 1724 postera

380 1716 569 1760 Crescam
588 1722 712 1763 laude
731 1739 884 1776 recens,
907 1732 1008 1772 dum
1029 1734 1281 1787 Capitolium

379 1792 558 1836 Scandet
580 1811 674 1839 cum
695 1803 826 1843 tacita
846 1806 1004 1858 virgine
1023 1813 1228 1862 pontifex.

377 1855 514 1905 Dicar,
537 1873 621 1911 qua
640 1863 798 1905 violens
818 1868 1023 1922 obstrepit
1043 1874 1219 1916 Aufidus
1425 1894 1473 1922 10

375 1918 431 1958 Et
453 1934 536 1972 qua
555 1936 714 1977 pauper
734 1941 868 1980 aquae
888 1932 1064 1976 Daunus
1084 1941 1308 1990 agrestium

375 1981 584 2034 Regnavit
604 1991 867 2041 populorum,
889 2009 940 2036 ex
960 1998 1107 2039 humili
1127 2009 1277 2053 potens

373 2058 568 2113 Princeps
588 2065 778 2108 Aeolium
799 2082 965 2112 carmen
986 2077 1040 2116 ad
1062 2078 1192 2120 Italos

371 2120 602 2166 Deduxisse
622 2131 780 2172 modos.
838 2134 963 2175 Sume
982 2141 1223 2190 superbiam

368 2183 611 2234 Quaesitam
631 2194 788 2234 meritis
809 2202 850 2236 et
871 2199 974 2238 mihi
994 2201 1198 2254 Delphica
1420 2221 1465 2260 15

370 2247 506 2288 Lauro
525 2251 642 2304 cinge
662 2257 818 2305 volens,
840 2260 1111 2314 Melpomene,
1134 2280 1309 2310 comam.
