1679 2583
652 179 764 208 ODEs
794 179 838 206 11.
873 169 934 208 18.
1399 169 1450 220 69

352 287 410 326 At
429 286 531 326 fides
551 292 592 327 et
612 287 751 338 ingeni

404 350 592 401 Benigna
612 355 774 396 venast,
796 363 1105 402 pauperemque
1125 350 1241 389 dives
1400 362 1446 389 10

351 414 416 452 Me
436 414 543 465 petit
567 426 574 452 2
605 414 709 453 nihil
727 427 853 465 supra

403 477 513 516 Deos
533 477 688 516 lacesso
707 489 783 516 nec
802 482 1020 528 potentem
1041 477 1222 515 amicum

349 586 543 637 Largiora
562 586 716 637 flagito,

402 649 511 689 Satis
531 649 681 688 beatus
700 650 832 689 unicis
853 649 1029 689 Sabinis.

347 711 548 751 Truditur
567 712 653 751 dies
673 712 751 757 die,
1396 722 1442 761 15

399 775 628 826 Novaeque
649 779 827 826 pergunt
848 775 1014 814 interire
1036 775 1171 814 lunae.

346 884 410 923 Tu
429 884 609 924 secanda
628 897 837 923 marmora

399 948 530 987 Locas
549 947 627 987 sub
646 948 785 999 ipsum
806 948 932 987 funus
952 953 993 987 et
1013 947 1189 999 sepulcri

348 1011 558 1049 Inmemor
577 1011 702 1050 struis
723 1011 881 1056 domos,

398 1073 605 1125 Marisque
626 1073 723 1112 Bais
743 1073 1025 1125 obstrepentis
1046 1086 1194 1124 urgues
1391 1086 1442 1113 20

346 1182 601 1222 Submovere
620 1183 755 1228 litora,

397 1246 551 1284 Parum
570 1246 753 1296 locuples
773 1245 1014 1285 continente
1034 1246 1135 1296 ripa.

343 1308 453 1359 Quid
473 1309 587 1361 quod
606 1322 737 1360 usque
757 1309 969 1360 proximos

397 1371 577 1410 Revellis
598 1371 684 1422 agri
704 1372 903 1410 terminos
923 1376 965 1410 et
985 1372 1096 1410 ultra

342 1481 515 1520 Limites
535 1481 747 1520 clientium
1388 1492 1437 1531 25

396 1544 500 1583 Salis
519 1557 671 1583 avarus
688 1544 703 1582 ?
764 1544 936 1583 Pellitur
955 1550 1151 1595 paternos

343 1608 392 1645 In
412 1607 506 1646 sinu
525 1607 659 1646 ferens
679 1607 778 1646 deos

394 1671 451 1709 Et
470 1683 576 1709 uxor
595 1675 637 1709 et
658 1670 721 1708 vir
740 1670 1012 1721 sordidosque
1031 1675 1164 1709 natos.

341 1780 468 1818 Nulla
487 1779 637 1818 certior
657 1784 801 1818 tamen

395 1842 576 1893 Rapacis
596 1841 693 1880 Orci
712 1841 793 1880 fine
813 1841 1025 1880 destinata
1387 1855 1437 1892 30

339 1905 448 1943 Aula
468 1904 645 1944 divitem
664 1909 807 1943 manet

392 1968 535 2006 Erum.
594 1967 705 2018 Quid
724 1968 838 2006 ultra
856 1967 992 2006 tendis
1010 1967 1024 2006 ?
1084 1969 1230 2019 Aequa
1251 1969 1373 2008 tellus

344 2077 524 2127 Pauperi
542 2077 770 2115 recluditur

398 2140 643 2190 Regumque
663 2139 813 2190 pueris,
834 2151 910 2178 nec
929 2140 1093 2179 sateHes
1113 2140 1209 2179 Orci

338 2202 545 2242 Callidum
566 2202 815 2241 Promethea
1384 2213 1433 2253 35

394 2265 574 2305 Revexit
595 2278 695 2304 auro
716 2270 877 2317 captus.
936 2265 1016 2304 Hic
1037 2266 1263 2318 superbum
