1679 2583
666 167 777 196 ODEs
807 168 850 197 ΙΙ.
885 170 944 198 11.

768 278 839 318 XI.

712 388 893 439 (Alcaic.)

363 495 473 546 Quid
493 496 708 536 bellicosus
728 498 936 538 Cantaber
956 506 996 539 et
1017 501 1202 552 Scythes,

363 559 536 610 Hirpine
556 560 713 610 Quinti,
737 562 888 612 cogitet
910 563 1069 603 Hadria

415 623 582 662 Divisus
603 623 778 669 obiecto,
800 625 988 665 remittas

466 685 681 736 Quaerere,
702 700 776 726 nec
798 689 977 739 trepides
996 690 1038 728 in
1059 704 1180 730 usum

360 794 570 834 Poscentis
589 796 681 834 aevi
700 809 834 847 pauca
856 810 863 836 :
895 798 1000 849 fugit
1020 806 1129 838 retro

359 857 479 896 Levis
498 858 692 897 iuventas
712 864 753 898 et
774 860 906 906 decor,
929 862 1045 900 arida

411 921 592 960 Pellente
611 922 786 961 lascivos
807 936 967 963 amores

462 984 621 1023 Canitie
642 985 886 1037 facilemque
907 1000 1110 1029 somnum.

356 1092 450 1131 Non
471 1106 630 1144 semper
649 1094 758 1133 idern
777 1096 946 1135 floribus
966 1103 1027 1136 est
1047 1098 1177 1139 honor

355 1155 511 1201 Vernis,
532 1169 665 1207 neque
686 1170 769 1196 uno
788 1158 887 1197 luna
907 1159 1059 1199 rubens
1080 1161 1187 1201 nitet

408 1218 534 1257 Voltu
557 1231 563 1257 :
595 1219 695 1269 quid
715 1221 892 1259 aeternis
912 1222 1113 1261 minorem

461 1281 646 1321 Consiliis
667 1283 852 1322 animum
872 1284 1020 1335 fatigas
1039 1286 1054 1325 ?

353 1390 434 1429 Cur
452 1404 535 1429 non
555 1391 632 1430 sub
652 1392 738 1430 alta
760 1393 826 1431 vel
845 1394 1016 1444 platano
1035 1397 1101 1435 vel
1120 1397 1200 1438 hac

354 1453 459 1492 Pinu
478 1454 657 1493 iacentes
677 1455 734 1493 sic
754 1460 906 1495 temere
928 1462 969 1496 et
989 1471 1081 1497 rosa

404 1516 537 1555 Canos
558 1518 721 1557 odorati
740 1519 920 1569 capillos,

458 1580 569 1618 Dum
590 1581 697 1627 licet,
719 1582 969 1634 Assyriaque
989 1586 1119 1624 nardo

352 1689 551 1728 Potamus
570 1691 686 1729 uncti
703 1691 717 1729 ?
776 1692 963 1743 Dissipat
984 1694 1143 1734 Euhius

350 1752 477 1791 Curas
498 1753 656 1792 edaces.
714 1754 814 1805 Quis
834 1768 935 1805 puer
954 1757 1067 1796 ocius

403 1816 651 1867 Restinguet
671 1818 854 1856 ardentis
875 1819 1037 1858 Falerni

455 1879 608 1917 Pocula
628 1885 917 1930 praetereunte
937 1882 1109 1934 lympha
1126 1884 1140 1923 ?

349 1987 449 2038 Quis
469 1988 636 2027 devium
657 1996 839 2028 scortum
860 1991 992 2030 eliciet
1014 1993 1138 2033 domo

349 2050 492 2101 Lyden
509 2051 524 2089 ?
583 2051 765 2098 Eburna‚
788 2053 853 2092 dic
874 2067 960 2105 age,
983 2068 1078 2094 cum
1098 2057 1186 2107 lyra

400 2115 594 2160 Maturet,
616 2115 876 2167 incomptum
897 2118 1111 2158 Lacaenae

454 2177 565 2216 More
585 2190 725 2217 comae
745 2180 916 2230 religata
937 2182 1094 2220 nodum
1118 2183 1125 2222 !

1401 170 1450 210 61

1396 1177 1443 1203 10

1393 1537 1438 1576 15

1389 1900 1438 1927 20
