1679 2583
659 163 771 191 om-:s
801 164 863 192 111.
896 156 959 193 26.
1389 169 1462 207 103

369 260 498 311 Ripas
519 266 560 300 et
581 275 761 301 vacuum
782 276 927 303 nemus

421 324 558 362 Mirari
577 325 691 364 libet.
751 326 786 365 O
806 327 1016 366 Naiadum
1038 333 1186 378 potens

365 384 710 439 Baccharumque
730 390 961 429 valentium
1415 402 1459 441 15

420 450 614 489 Proceras
634 452 827 491 manibus
848 459 1008 492 vertere
1029 454 1224 497 fraxinos.

365 537 433 576 Nil
452 551 631 588 parvum
652 544 725 578 aut
745 540 892 579 humili
912 542 1049 586 modo,

416 600 485 639 Nil
505 603 680 640 mortale
699 603 858 653 loquar.
918 604 1048 642 Dulce
1067 605 1350 655 periculumst,

365 662 400 701 O
420 662 592 709 Lenaee,
614 665 732 716 sequi
752 666 876 704 deum

417 724 659 776 Cingentem
679 727 801 765 viridi
824 732 1012 780 tempora
1031 729 1243 781 pampino.
1410 742 1458 769 zo

730 880 876 920 XXVI.

711 954 897 1006 (Alcaic.)

361 1028 455 1067 Vixi
477 1029 621 1079 puellis
641 1043 773 1082 nuper
791 1032 965 1072 idoneus

361 1092 415 1130 Et
436 1093 614 1131 militavi
635 1106 718 1132 non
738 1094 825 1133 sine
845 1096 973 1146 gloria
995 1108 1001 1140 ;

412 1154 449 1192 N
453 1168 534 1193 unc
554 1168 670 1194 arma
691 1157 1019 1209 defunctumque
1041 1159 1147 1198 bello

465 1217 669 1256 Barbiton
689 1218 755 1257 hic
775 1220 909 1270 paries
929 1221 1114 1267 habebit,

358 1304 544 1343 Laevum
565 1306 749 1345 marinae
770 1308 841 1358 qui
862 1308 1030 1348 Veneris
1050 1310 1161 1348 latus
1431 1321 1452 1361 5

357 1367 562 1407 Custodit.
621 1369 712 1415 Hic,
735 1369 802 1409 hic
822 1371 965 1421 ponite
984 1372 1122 1411 lucida

410 1431 586 1470 Funalia
605 1437 646 1470 et
667 1438 807 1472 vectes
828 1439 869 1472 et
890 1447 1009 1473 arcus

463 1493 676 1545 Oppositis
696 1495 855 1535 foribus
875 1497 1068 1536 minaces.

355 1579 390 1618 O
411 1593 518 1631 quae
538 1581 707 1620 beatam
727 1583 826 1621 diva
847 1588 962 1623 tenes
983 1584 1166 1635 Cyprum
1187 1590 1229 1624 et

355 1643 566 1694 Memphin
589 1650 799 1684 carentem
821 1646 1010 1686 Sithonia
1030 1648 1139 1693 nive,
1405 1661 1452 1687 1o

408 1706 580 1756 Regina,
602 1707 770 1746 sublimi
790 1709 951 1759 flagello

459 1768 599 1819 Tange
621 1769 775 1808 Chloen
795 1772 921 1810 semel
940 1778 1217 1823 arrogantem.

711 1922 877 1962 xxvn.

681 1996 905 2047 (Sapphico

353 2070 493 2121 Inpios
513 2085 658 2122 parrae
679 2073 898 2112 recinentis
918 2087 1040 2113 omen

351 2133 490 2171 Ducat
510 2138 552 2172 et
572 2147 804 2185 praegnans
824 2136 937 2175 canis
958 2141 1032 2175 aut
1052 2136 1106 2175 ab
1126 2150 1224 2188 agro

352 2196 472 2234 Rava
492 2196 711 2236 decurrens
731 2199 830 2249 lupa
851 2198 1070 2237 Lanuvino

404 2258 437 2296 F
439 2263 589 2309 etaque
610 2261 753 2310 volpes
773 2273 780 2305 ;
