1679 2583
635 192 747 220 omis
776 191 840 220 111.
872 191 934 231 24.
1364 190 1435 218 101

345 292 432 331 Dos
451 295 514 331 est
534 304 686 343 magna
705 292 943 343 parentium

397 354 540 394 Virtus
560 359 602 394 et
622 360 812 394 metuens
833 355 1002 394 alterius
1021 353 1100 393 viri

345 418 467 457 Certo
486 417 651 457 foedere
671 418 856 463 castitas,

397 481 454 520 Et
474 493 643 532 peccare
663 481 780 520 nefas
801 486 874 519 aut
894 480 1118 532 pretiumst
1138 479 1254 518 mori.

344 596 380 635 O
400 596 588 647 quisquis
606 597 720 635 volet
739 596 874 647 inpias
1390 605 1438 642 25

397 659 552 699 Caedes
572 663 614 698 et
633 659 793 698 rabiem
813 660 955 698 tollere
975 658 1163 704 civicam,

344 722 386 761 Si
407 726 579 774 quaeret
601 721 788 760 PATER
807 721 1034 761 URBIUM

398 784 608 824 Subscribi
628 785 793 830 statuis,
814 784 1065 824 indomitam
1085 783 1240 822 audeat

345 901 570 939 Refrenare
589 900 813 945 licentiam,

398 963 540 1002 Clarus
557 967 652 1014 post
669 963 819 1013 genitis
841 975 848 1001 :
874 966 1094 1013 quatenus,
1114 961 1195 1000 heu
1211 961 1328 1000 nefas
1352 961 1357 999 !
1389 972 1440 1010 30

343 1026 555 1065 Virtutem
575 1026 825 1064 incolumem
846 1026 1021 1070 odimus,

398 1089 617 1128 Sublatam
638 1102 689 1127 ex
709 1088 837 1127 oculis
857 1088 1095 1139 quaerimus
1114 1087 1259 1126 invidi.

345 1198 456 1249 Quid
476 1198 615 1237 tristes
635 1198 930 1249 querimoniae,

398 1261 440 1299 Si
459 1273 544 1299 non
563 1260 767 1311 supplicio
787 1260 909 1311 culpa
928 1259 1126 1299 reciditur
1143 1271 1152 1306 ;

345 1324 455 1375 Quid
474 1325 582 1375 leges
602 1324 689 1363 sine
709 1323 893 1363 moribus
1390 1331 1439 1371 35

399 1388 541 1426 Vanae
561 1387 784 1438 proficiunt
801 1387 816 1425 ?
848 1387 882 1425 si
901 1399 1037 1438 neque
1056 1386 1226 1425 fervidis

347 1497 447 1536 Pars
466 1497 625 1535 inclusa
645 1496 850 1535 caloribus

398 1560 544 1598 Mundi
564 1572 639 1598 nec
659 1559 808 1598 boreae
827 1559 1054 1598 finitimum
1073 1559 1185 1598 latus

346 1624 615 1674 Durataeque
634 1623 722 1662 solo
740 1624 859 1662 nives

400 1686 673 1725 Mercatorem
693 1686 880 1737 abigunt,
902 1685 1069 1724 horrida
1090 1685 1226 1724 callidi
1390 1696 1441 1733 40

344 1801 529 1840 Vincunt
549 1813 731 1852 aequora
750 1800 933 1846 navitae,

398 1864 596 1915 Magnum
616 1864 833 1915 pauperies
854 1863 1125 1914 opprobrium
1145 1862 1262 1901 iubet

344 1926 520 1978 Quidvis
540 1931 581 1965 et
602 1927 736 1965 facere
757 1931 798 1965 et
818 1927 922 1977 pati,

396 1990 658 2040 Virtutisque
678 1990 792 2028 viam
812 1989 965 2028 deserit
985 1989 1153 2027 arduae.

342 2105 418 2144 Vel
437 2117 513 2144 nos
532 2105 574 2143 in
596 2104 861 2155 Capitolium,
1390 2113 1439 2150 45

396 2167 489 2217 Quo
508 2168 664 2205 clamor
682 2171 809 2206 vocat
829 2171 871 2205 et
892 2166 1017 2205 turba
1036 2165 1286 2210 faventium,

342 2229 418 2267 Vel
439 2242 514 2268 nos
533 2229 576 2267 in
596 2241 710 2267 mare
729 2229 968 2279 proximum

396 2291 593 2331 Gemmas
612 2296 654 2330 et
674 2291 833 2343 lapides
854 2303 1002 2330 aurum
1023 2295 1064 2329 et
1085 2289 1247 2335 inutile,
