1679 2583
613 166 725 195 ODEs
755 166 818 194 111.
848 166 886 205 4.

309 267 373 306 Me
394 267 607 305 fabulosae
628 266 800 304 Volture
819 264 1021 316 in‚Apulo

308 330 475 369 Altricis
496 333 615 367 extra
634 329 760 367 limen
779 328 956 379 Apuliae

362 392 481 431 Ludo
501 391 810 442 fatigatumque
829 403 977 429 somno

416 454 578 492 Fronde
598 466 710 492 nova
729 466 905 504 puerum
924 452 1143 504 palumbes

309 569 476 615 Texere,
499 569 651 607 mirum
671 568 785 619 quod
805 568 911 607 foret
932 567 1137 612 omnibus,

310 632 571 683 Quicumque
591 632 722 670 celsae
742 631 888 670 nidum
908 630 1185 669 Acherontiae

364 694 586 744 Saltusque
607 693 811 732 Bantinos
831 698 873 732 et
893 705 1042 732 arvum

417 757 573 808 Pingue
594 761 739 795 tenent
758 756 926 794 humilis
947 755 1129 800 Forenti,

311 872 370 911 Ut
391 875 486 910 tuto
506 871 560 910 ab
580 871 681 910 atris
702 883 871 921 corpore
890 870 1042 922 viperis

311 934 391 973 D01
400 934 546 972 mirem
566 938 607 972 et
628 934 745 979 ursis,
767 938 816 972 ut
835 946 1042 984 premerer
1059 945 1177 972 sacra

364 996 583 1047 Lauroque
604 997 854 1047 conlataque
874 1000 1026 1047 myrto,

416 1059 512 1098 Non
531 1060 619 1098 sine
639 1060 703 1099 dis
723 1059 934 1098 animosus
954 1059 1104 1098 infans.

312 1174 468 1219 Vester,
492 1174 709 1219 Camenae,
731 1178 870 1213 vester
889 1174 932 1212 in
952 1175 1105 1214 arduos

310 1236 449 1275 Tollor
469 1236 656 1282 Sabinos,
679 1249 752 1275 seu
771 1236 873 1275 mihi
894 1236 1090 1287 frigidum

366 1299 589 1338 Praeneste
608 1312 681 1337 seu
701 1299 831 1337 Tibur
849 1299 1046 1350 supinum

417 1362 498 1401 Seu
517 1362 701 1413 liquidae
721 1362 912 1413 placuere
933 1361 1073 1402 Baiae.

311 1476 468 1515 Vestris
489 1477 670 1515 amicum
691 1476 880 1515 fontibus
900 1481 942 1516 et
962 1477 1097 1516 choris

311 1538 406 1577 Non
426 1551 493 1577 me
514 1538 718 1590 Philippis
737 1552 858 1578 versa
877 1540 985 1578 acies
1004 1545 1128 1585 retro,

367 1600 534 1640 Devota
553 1614 637 1640 non
658 1601 862 1640 exstinxit
882 1602 1016 1648 arbos,

421 1663 508 1702 Nec
528 1664 666 1703 Sicula
687 1664 906 1703 Palinurus
926 1665 1052 1704 unda.

311 1778 553 1829 Utcumque
573 1791 739 1817 mecum
760 1792 835 1817 vos
855 1779 981 1825 eritis,
1004 1779 1136 1818 libens

315 1841 601 1880 Insanientem
620 1842 768 1881 navita
788 1842 1052 1893 Bosphorum

364 1903 603 1955 Temptabo
623 1909 666 1943 et
687 1909 854 1944 urentes
874 1918 1020 1945 arenas

423 1966 575 2006 Litoris
595 1966 755 2018 Assyrii
773 1968 912 2006 viator
930 1980 938 2014 ;

314 2081 455 2120 Visam
476 2081 706 2121 Britannos
724 2082 961 2133 hospitibus
981 2084 1089 2123 feros

315 2143 372 2182 Et
391 2143 550 2182 laetum
571 2143 723 2195 equino
742 2145 943 2195 sanguine
963 2145 1203 2184 Concanum
1223 2158 1232 2192 ;

366 2205 510 2245 Visam
530 2206 796 2257 pharetratos
817 2207 996 2247 Gelonos

424 2268 480 2307 Et
501 2268 745 2319 Scythicum
764 2269 992 2309 inviolatus
1012 2283 1191 2309 amnem.

1358 1069 1409 1097 20

1362 1854 1414 1891 30

1363 2216 1413 2257 35
