1710 2604
251 186 301 224 42
823 184 998 214 HORACE

829 285 1009 324 XXVIII.

771 366 1064 418 (Alcmanian.)

306 457 363 496 Te
386 457 513 497 maris
530 463 572 496 et
594 462 727 496 terrae
748 468 1005 508 numeroque
1025 456 1204 496 carentis
1225 470 1376 498 arenae

358 522 591 561 Mensorem
611 519 822 566 cohibent,
843 519 1046 571 Archyta,

307 585 494 624 Pulveris
513 583 651 636 exigui
671 595 800 635 prope
821 583 921 623 litus
941 596 1073 635 parva
1092 584 1303 623 Matinum

359 648 543 693 Munera,
565 659 641 687 nec
660 647 886 698 quicquam
909 647 985 685 tibi
1006 647 1177 698 prodest

301 727 444 768 Aerias
466 733 695 778 temptasse
716 727 863 766 domos
883 727 1108 778 animoque
1127 727 1358 766 rotundum
1520 739 1544 778 5

359 791 611 831 Percurrisse
630 792 775 842 polum
795 791 1011 830 morituro.

300 855 466 896 Occidit
485 860 528 894 et
548 855 713 906 Pelopis
731 854 907 905 genitor,
929 854 1110 893 conviva
1129 854 1316 901 deorum,

355 919 645 969 Tithonusque
664 921 850 956 remotus
870 917 911 956 in
933 929 1055 956 auras

305 1000 359 1039 Et
380 1000 493 1039 Iovis
512 998 674 1037 arcanis
694 997 827 1036 Minos
849 998 1069 1043 admissus,
1092 997 1336 1050 habentque

356 1063 533 1102 Tartara
553 1061 819 1101 Panthoiden
839 1061 992 1100 iterum
1012 1061 1119 1100 Orco
1497 1075 1544 1101 10

299 1127 550 1169 Demissum,
572 1125 768 1177 quamvis
788 1125 920 1176 clipeo
942 1124 1123 1164 Troiana
1143 1125 1272 1164 refixo

354 1191 562 1242 Tempora
582 1193 763 1229 testatus
784 1187 885 1228 nihil
905 1188 1015 1228 ultra

288 1268 447 1308 Nervos
468 1273 595 1320 atque
615 1273 755 1308 cutem
775 1268 900 1308 morti
919 1273 1178 1308 concesserat
1199 1272 1328 1314 atrae,

342 1332 483 1372 Iudice
505 1337 546 1372 te
566 1346 649 1372 non
669 1332 860 1372 sordidus
881 1336 1028 1372 auctor

288 1396 474 1435 Naturae
494 1396 675 1448 verique.
734 1396 815 1435 Sed
835 1409 977 1435 omncs
998 1408 1082 1434 una
1101 1400 1244 1435 manet
1264 1409 1361 1442 nox,
1497 1403 1544 1445 15

342 1460 397 1499 Et
417 1460 617 1499 calcanda
637 1460 763 1499 semel
782 1459 851 1498 via
870 1459 956 1498 leti.

289 1544 403 1582 Dant
424 1543 525 1583 alios
546 1542 692 1582 Furiae
714 1547 835 1582 torvo
855 1542 1095 1594 spectacula
1116 1542 1253 1589 Marti,

342 1606 524 1645 Exitiost
545 1606 716 1645 avidum
737 1619 850 1645 mare
871 1606 1013 1645 nautis
1033 1617 1040 1651 ;

290 1670 421 1709 Mixta
441 1683 586 1709 senum
608 1683 655 1709 ac
676 1670 875 1708 iuvenum
895 1670 1123 1709 densentur
1143 1669 1301 1716 funera,
1324 1670 1484 1708 nullum

342 1734 476 1773 Saeva
495 1738 622 1785 caput
645 1734 890 1784 Proserpina
910 1733 1029 1784 fugit.
1496 1744 1546 1772 20

291 1821 392 1859 “Me
413 1832 579 1871 quoque
599 1819 748 1859 devexi
767 1819 937 1870 rapidus
957 1832 1093 1858 comes
1113 1819 1278 1859 Orionis

343 1883 516 1935 Illyricis
536 1883 673 1923 Notus
693 1883 832 1922 obruit
853 1883 988 1922 undis.

290 1948 344 1986 At
366 1951 425 1993 tu,
447 1951 591 1993 nauta,
613 1960 744 1998 vagae
764 1959 815 1985 nc
836 1959 957 1998 parce
977 1946 1182 1998 malignus
1202 1959 1351 1986 arenae

341 2010 514 2050 Ossibus
533 2014 575 2049 et
596 2010 724 2062 capiti
744 2010 966 2048 inhumato

291 2099 542 2138 Particulam
557 2099 656 2137 dare
679 2110 686 2138 :
717 2098 787 2145 sic,
805 2098 1100 2150 quodcumque
1114 2098 1344 2137 minabitur
1359 2098 1495 2138 Eurus

343 2162 557 2201 Fluctibus
586 2162 808 2213 Hesperiis,
840 2162 1075 2201 Venusinae
1497 2162 1548 2201 26

293 2226 534 2265 Plectantur
554 2226 682 2264 silvae
704 2230 744 2264 te
765 2225 932 2276 sospite,
955 2226 1172 2277 multaque
1191 2238 1360 2272 merces,

343 2289 464 2329 Unde
484 2294 636 2340 potest,
660 2289 736 2328 tibi
757 2289 914 2328 defluat
936 2302 1071 2341 aequo
