<?xml version="1.0" encoding="UTF-8"?>
<!DOCTYPE html PUBLIC "-//W3C//DTD XHTML 1.0 Transitional//EN"
    "http://www.w3.org/TR/xhtml1/DTD/xhtml1-transitional.dtd">
<html xmlns="http://www.w3.org/1999/xhtml" xml:lang="en" lang="en">
 <head>
  <title>
</title>
<meta http-equiv="Content-Type" content="text/html;charset=utf-8" />
  <meta name='ocr-system' content='tesseract 3.04.00' />
  <meta name='ocr-capabilities' content='ocr_page ocr_carea ocr_par ocr_line ocrx_word'/>
</head>
<body>
  <div class='ocr_page' id='page_1' title='image "./odeshor00horauoft_0036.png"; bbox 0 0 1710 2604; ppageno 0'>
   <div class='ocr_carea' id='block_1_1' title="bbox 178 173 908 214">
    <p class='ocr_par' dir='ltr' id='par_1_1' title="bbox 178 173 908 214">
     <span class='ocr_line' id='line_1_1' title="bbox 178 173 908 214; baseline 0 -1"><span class='ocrx_word' id='word_1_1' title='bbox 178 173 226 214; x_wconf 89' lang='lat'><strong>28</strong></span> <span class='ocrx_word' id='word_1_2' title='bbox 734 182 908 214; x_wconf 83' lang='lat' dir='ltr'>HORACE</span> 
     </span>
    </p>
   </div>
   <div class='ocr_carea' id='block_1_2' title="bbox 175 295 1481 538">
    <p class='ocr_par' dir='ltr' id='par_1_2' title="bbox 175 295 1481 411">
     <span class='ocr_line' id='line_1_2' title="bbox 176 295 1481 348; baseline 0.001 -13"><span class='ocrx_word' id='word_1_3' title='bbox 176 296 291 347; x_wconf 88' lang='lat' dir='ltr'><strong>Quae</strong></span> <span class='ocrx_word' id='word_1_4' title='bbox 310 309 420 335; x_wconf 89' lang='lat' dir='ltr'><strong>nunc</strong></span> <span class='ocrx_word' id='word_1_5' title='bbox 439 295 640 348; x_wconf 90' lang='lat' dir='ltr'><strong>oppositis</strong></span> <span class='ocrx_word' id='word_1_6' title='bbox 659 295 850 335; x_wconf 91' lang='lat' dir='ltr'><strong>debilitat</strong></span> <span class='ocrx_word' id='word_1_7' title='bbox 871 296 1108 347; x_wconf 87' lang='lat' dir='ltr'><strong>pumicibus</strong></span> <span class='ocrx_word' id='word_1_8' title='bbox 1128 308 1242 336; x_wconf 87' lang='lat' dir='ltr'><strong>mare</strong></span> <span class='ocrx_word' id='word_1_9' title='bbox 1458 307 1481 348; x_wconf 88' lang='lat'><strong>5</strong></span> 
     </span>
     <span class='ocr_line' id='line_1_3' title="bbox 175 359 1286 411; baseline 0.001 -13"><span class='ocrx_word' id='word_1_10' title='bbox 175 360 434 410; x_wconf 90' lang='lat' dir='ltr'><strong>Tyrrhenum</strong></span> <span class='ocrx_word' id='word_1_11' title='bbox 457 370 467 400; x_wconf 89' lang='lat'>:</span> <span class='ocrx_word' id='word_1_12' title='bbox 495 359 642 411; x_wconf 83' lang='lat' dir='ltr'><strong>sapias,</strong></span> <span class='ocrx_word' id='word_1_13' title='bbox 665 359 763 398; x_wconf 89' lang='lat' dir='ltr'><strong>vina</strong></span> <span class='ocrx_word' id='word_1_14' title='bbox 783 359 927 410; x_wconf 90' lang='lat' dir='ltr'><strong>liques,</strong></span> <span class='ocrx_word' id='word_1_15' title='bbox 951 363 992 398; x_wconf 92' lang='lat' dir='ltr'><strong>et</strong></span> <span class='ocrx_word' id='word_1_16' title='bbox 1013 360 1149 411; x_wconf 88' lang='lat' dir='ltr'><strong>spatio</strong></span> <span class='ocrx_word' id='word_1_17' title='bbox 1170 360 1286 400; x_wconf 88' lang='lat' dir='ltr'><strong>brevi</strong></span> 
     </span>
    </p>

    <p class='ocr_par' dir='ltr' id='par_1_3' title="bbox 175 423 1419 538">
     <span class='ocr_line' id='line_1_4' title="bbox 176 423 1419 475; baseline 0.001 -13"><span class='ocrx_word' id='word_1_18' title='bbox 176 424 299 475; x_wconf 82' lang='lat' dir='ltr'>Spem</span> <span class='ocrx_word' id='word_1_19' title='bbox 318 424 482 474; x_wconf 84' lang='lat' dir='ltr'><strong>longam</strong></span> <span class='ocrx_word' id='word_1_20' title='bbox 502 435 668 462; x_wconf 83' lang='lat' dir='ltr'><strong>reseces.</strong></span> <span class='ocrx_word' id='word_1_21' title='bbox 728 423 840 462; x_wconf 91' lang='lat' dir='ltr'><strong>Dum</strong></span> <span class='ocrx_word' id='word_1_22' title='bbox 860 423 1081 474; x_wconf 90' lang='lat' dir='ltr'><strong>loquimur,</strong></span> <span class='ocrx_word' id='word_1_23' title='bbox 1105 423 1255 475; x_wconf 87' lang='lat' dir='ltr'><strong>fugerit</strong></span> <span class='ocrx_word' id='word_1_24' title='bbox 1277 424 1419 464; x_wconf 89' lang='lat' dir='ltr'><strong>invida</strong></span> 
     </span>
     <span class='ocr_line' id='line_1_5' title="bbox 175 486 1402 538; baseline 0.001 -12"><span class='ocrx_word' id='word_1_25' title='bbox 175 488 301 526; x_wconf 88' lang='lat' dir='ltr'><strong>Aetas</strong></span> <span class='ocrx_word' id='word_1_26' title='bbox 322 498 330 526; x_wconf 90' lang='lat'>:</span> <span class='ocrx_word' id='word_1_27' title='bbox 361 499 482 538; x_wconf 90' lang='lat' dir='ltr'><strong>carpe</strong></span> <span class='ocrx_word' id='word_1_28' title='bbox 502 486 624 531; x_wconf 88' lang='lat' dir='ltr'><strong>diem,</strong></span> <span class='ocrx_word' id='word_1_29' title='bbox 646 498 775 537; x_wconf 90' lang='lat' dir='ltr'><strong>quam</strong></span> <span class='ocrx_word' id='word_1_30' title='bbox 795 486 1015 525; x_wconf 90' lang='lat' dir='ltr'><strong>minimum</strong></span> <span class='ocrx_word' id='word_1_31' title='bbox 1035 487 1203 526; x_wconf 86' lang='lat' dir='ltr'><strong>credula</strong></span> <span class='ocrx_word' id='word_1_32' title='bbox 1223 493 1402 538; x_wconf 86' lang='lat' dir='ltr'><strong>postero.</strong></span> 
     </span>
    </p>
   </div>
   <div class='ocr_carea' id='block_1_3' title="bbox 799 575 945 579">
    <p class='ocr_par' dir='ltr' id='par_1_4' title="bbox 799 575 945 579">
     <span class='ocr_line' id='line_1_6' title="bbox 799 575 945 579; baseline 0 0"><span class='ocrx_word' id='word_1_33' title='bbox 799 575 945 579; x_wconf 95' lang='lat' dir='ltr'><strong> </strong></span> 
     </span>
    </p>
   </div>
   <div class='ocr_carea' id='block_1_4' title="bbox 435 618 1275 997">
    <p class='ocr_par' dir='ltr' id='par_1_5' title="bbox 435 618 1275 997">
     <span class='ocr_line' id='line_1_7' title="bbox 780 618 872 656; baseline 0 0"><span class='ocrx_word' id='word_1_34' title='bbox 780 618 872 656; x_wconf 90' lang='lat' dir='ltr'>XII.</span> 
     </span>
     <span class='ocr_line' id='line_1_8' title="bbox 688 681 964 733; baseline 0 -13"><span class='ocrx_word' id='word_1_35' title='bbox 688 681 882 733; x_wconf 77' lang='lat' dir='ltr'><strong>(Sapphic</strong></span> <span class='ocrx_word' id='word_1_36' title='bbox 913 682 964 733; x_wconf 90' lang='lat'><strong>1.)</strong></span> 
     </span>
     <span class='ocr_line' id='line_1_9' title="bbox 437 756 1275 808; baseline 0.001 -13"><span class='ocrx_word' id='word_1_37' title='bbox 437 757 570 808; x_wconf 93' lang='lat' dir='ltr'><strong>Quem</strong></span> <span class='ocrx_word' id='word_1_38' title='bbox 591 756 727 795; x_wconf 82' lang='lat' dir='ltr'><strong>virum</strong></span> <span class='ocrx_word' id='word_1_39' title='bbox 749 760 823 795; x_wconf 89' lang='lat' dir='ltr'><strong>aut</strong></span> <span class='ocrx_word' id='word_1_40' title='bbox 844 756 970 795; x_wconf 88' lang='lat' dir='ltr'><strong>heroa</strong></span> <span class='ocrx_word' id='word_1_41' title='bbox 992 756 1081 807; x_wconf 83' lang='lat' dir='ltr'><strong>lyra</strong></span> <span class='ocrx_word' id='word_1_42' title='bbox 1104 757 1169 795; x_wconf 88' lang='lat' dir='ltr'><strong>vel</strong></span> <span class='ocrx_word' id='word_1_43' title='bbox 1191 757 1275 796; x_wconf 88' lang='lat' dir='ltr'><strong>acri</strong></span> 
     </span>
     <span class='ocr_line' id='line_1_10' title="bbox 435 819 1081 865; baseline 0 -7"><span class='ocrx_word' id='word_1_44' title='bbox 435 820 554 859; x_wconf 82' lang='lat' dir='ltr'>Tibia</span> <span class='ocrx_word' id='word_1_45' title='bbox 574 820 702 859; x_wconf 88' lang='lat' dir='ltr'><strong>sumis</strong></span> <span class='ocrx_word' id='word_1_46' title='bbox 721 819 939 865; x_wconf 87' lang='lat' dir='ltr'><strong>celebrare,</strong></span> <span class='ocrx_word' id='word_1_47' title='bbox 961 819 1048 859; x_wconf 91' lang='lat' dir='ltr'><strong>Clio</strong></span> <span class='ocrx_word' id='word_1_48' title='bbox 1067 819 1081 858; x_wconf 86' lang='lat'>?</span> 
     </span>
     <span class='ocr_line' id='line_1_11' title="bbox 436 883 1263 934; baseline 0.001 -12"><span class='ocrx_word' id='word_1_49' title='bbox 436 883 569 934; x_wconf 89' lang='lat' dir='ltr'><strong>Quem</strong></span> <span class='ocrx_word' id='word_1_50' title='bbox 588 883 712 922; x_wconf 87' lang='lat' dir='ltr'><strong>deum</strong></span> <span class='ocrx_word' id='word_1_51' title='bbox 729 883 744 921; x_wconf 87' lang='lat'>?</span> <span class='ocrx_word' id='word_1_52' title='bbox 803 883 929 922; x_wconf 87' lang='lat' dir='ltr'><strong>Cuius</strong></span> <span class='ocrx_word' id='word_1_53' title='bbox 949 883 1104 922; x_wconf 88' lang='lat' dir='ltr'><strong>recinet</strong></span> <span class='ocrx_word' id='word_1_54' title='bbox 1126 883 1263 923; x_wconf 86' lang='lat' dir='ltr'><strong>iocosa</strong></span> 
     </span>
     <span class='ocr_line' id='line_1_12' title="bbox 541 946 861 997; baseline 0 -12"><span class='ocrx_word' id='word_1_55' title='bbox 541 947 704 985; x_wconf 91' lang='lat' dir='ltr'><strong>Nomen</strong></span> <span class='ocrx_word' id='word_1_56' title='bbox 725 946 861 997; x_wconf 85' lang='lat' dir='ltr'><strong>imago</strong></span> 
     </span>
    </p>
   </div>
   <div class='ocr_carea' id='block_1_5' title="bbox 435 1024 1477 1265">
    <p class='ocr_par' dir='ltr' id='par_1_6' title="bbox 435 1024 1477 1192">
     <span class='ocr_line' id='line_1_13' title="bbox 435 1024 1477 1077; baseline 0 -13"><span class='ocrx_word' id='word_1_57' title='bbox 435 1026 521 1064; x_wconf 90' lang='lat' dir='ltr'><strong>Aut</strong></span> <span class='ocrx_word' id='word_1_58' title='bbox 541 1025 582 1063; x_wconf 93' lang='lat' dir='ltr'><strong>in</strong></span> <span class='ocrx_word' id='word_1_59' title='bbox 602 1024 807 1063; x_wconf 87' lang='lat' dir='ltr'><strong>umbrosis</strong></span> <span class='ocrx_word' id='word_1_60' title='bbox 827 1024 1038 1063; x_wconf 89' lang='lat' dir='ltr'><strong>Heliconis</strong></span> <span class='ocrx_word' id='word_1_61' title='bbox 1057 1025 1151 1070; x_wconf 90' lang='lat' dir='ltr'><strong>oris,</strong></span> <span class='ocrx_word' id='word_1_62' title='bbox 1453 1037 1477 1077; x_wconf 87' lang='lat'><strong>5</strong></span> 
     </span>
     <span class='ocr_line' id='line_1_14' title="bbox 435 1087 1305 1139; baseline 0.001 -12"><span class='ocrx_word' id='word_1_63' title='bbox 435 1090 521 1127; x_wconf 90' lang='lat' dir='ltr'><strong>Aut</strong></span> <span class='ocrx_word' id='word_1_64' title='bbox 541 1100 664 1139; x_wconf 87' lang='lat' dir='ltr'><strong>super</strong></span> <span class='ocrx_word' id='word_1_65' title='bbox 683 1087 817 1126; x_wconf 91' lang='lat' dir='ltr'><strong>Pindo</strong></span> <span class='ocrx_word' id='word_1_66' title='bbox 837 1087 1026 1139; x_wconf 80' lang='lat' dir='ltr'><strong>gelidove</strong></span> <span class='ocrx_word' id='word_1_67' title='bbox 1047 1088 1088 1126; x_wconf 92' lang='lat' dir='ltr'><strong>in</strong></span> <span class='ocrx_word' id='word_1_68' title='bbox 1110 1088 1273 1128; x_wconf 92' lang='lat' dir='ltr'><strong>Haemo</strong></span> <span class='ocrx_word' id='word_1_69' title='bbox 1290 1088 1305 1128; x_wconf 89' lang='lat'>?</span> 
     </span>
     <span class='ocr_line' id='line_1_15' title="bbox 435 1151 1168 1192; baseline -0.001 -1"><span class='ocrx_word' id='word_1_70' title='bbox 435 1152 555 1192; x_wconf 89' lang='lat' dir='ltr'><strong>Unde</strong></span> <span class='ocrx_word' id='word_1_71' title='bbox 576 1151 762 1190; x_wconf 82' lang='lat' dir='ltr'><strong>vocalem</strong></span> <span class='ocrx_word' id='word_1_72' title='bbox 783 1155 936 1190; x_wconf 90' lang='lat' dir='ltr'><strong>temere</strong></span> <span class='ocrx_word' id='word_1_73' title='bbox 956 1151 1168 1190; x_wconf 84' lang='lat' dir='ltr'><strong>insecutae</strong></span> 
     </span>
    </p>

    <p class='ocr_par' dir='ltr' id='par_1_7' title="bbox 539 1215 864 1265">
     <span class='ocr_line' id='line_1_16' title="bbox 539 1215 864 1265; baseline -0.009 -10"><span class='ocrx_word' id='word_1_74' title='bbox 539 1215 706 1265; x_wconf 86' lang='lat' dir='ltr'><strong>Orphea</strong></span> <span class='ocrx_word' id='word_1_75' title='bbox 725 1215 864 1260; x_wconf 87' lang='lat' dir='ltr'><strong>silvae,</strong></span> 
     </span>
    </p>
   </div>
   <div class='ocr_carea' id='block_1_6' title="bbox 433 1292 1476 1533">
    <p class='ocr_par' dir='ltr' id='par_1_8' title="bbox 433 1292 1476 1458">
     <span class='ocr_line' id='line_1_17' title="bbox 433 1292 1184 1343; baseline -0.001 -11"><span class='ocrx_word' id='word_1_76' title='bbox 433 1293 534 1332; x_wconf 90' lang='lat' dir='ltr'><strong>Arte</strong></span> <span class='ocrx_word' id='word_1_77' title='bbox 553 1297 742 1331; x_wconf 85' lang='lat' dir='ltr'><strong>materna</strong></span> <span class='ocrx_word' id='word_1_78' title='bbox 762 1292 928 1343; x_wconf 87' lang='lat' dir='ltr'><strong>rapidos</strong></span> <span class='ocrx_word' id='word_1_79' title='bbox 948 1297 1184 1331; x_wconf 78' lang='lat' dir='ltr'><strong>morantem</strong></span> 
     </span>
     <span class='ocr_line' id='line_1_18' title="bbox 435 1355 1476 1407; baseline 0.004 -13"><span class='ocrx_word' id='word_1_80' title='bbox 435 1356 673 1395; x_wconf 89' lang='lat' dir='ltr'><strong>Fluminum</strong></span> <span class='ocrx_word' id='word_1_81' title='bbox 693 1355 833 1406; x_wconf 86' lang='lat' dir='ltr'><strong>lapsus</strong></span> <span class='ocrx_word' id='word_1_82' title='bbox 852 1356 1083 1407; x_wconf 89' lang='lat' dir='ltr'><strong>celeresque</strong></span> <span class='ocrx_word' id='word_1_83' title='bbox 1104 1360 1265 1403; x_wconf 85' lang='lat' dir='ltr'><strong>ventos,</strong></span> <span class='ocrx_word' id='word_1_84' title='bbox 1428 1370 1476 1398; x_wconf 92' lang='lat'><strong>10</strong></span> 
     </span>
     <span class='ocr_line' id='line_1_19' title="bbox 434 1418 1237 1458; baseline 0 0"><span class='ocrx_word' id='word_1_85' title='bbox 434 1419 644 1458; x_wconf 86' lang='lat' dir='ltr'><strong>Blandum</strong></span> <span class='ocrx_word' id='word_1_86' title='bbox 664 1423 705 1458; x_wconf 92' lang='lat' dir='ltr'><strong>et</strong></span> <span class='ocrx_word' id='word_1_87' title='bbox 726 1418 883 1457; x_wconf 88' lang='lat' dir='ltr'><strong>auritas</strong></span> <span class='ocrx_word' id='word_1_88' title='bbox 904 1418 1055 1458; x_wconf 90' lang='lat' dir='ltr'><strong>fidibus</strong></span> <span class='ocrx_word' id='word_1_89' title='bbox 1075 1419 1237 1458; x_wconf 86' lang='lat' dir='ltr'><strong>canoris</strong></span> 
     </span>
    </p>

    <p class='ocr_par' dir='ltr' id='par_1_9' title="bbox 541 1483 907 1533">
     <span class='ocr_line' id='line_1_20' title="bbox 541 1483 907 1533; baseline -0.003 -12"><span class='ocrx_word' id='word_1_90' title='bbox 541 1483 700 1521; x_wconf 86' lang='lat' dir='ltr'><strong>Ducere</strong></span> <span class='ocrx_word' id='word_1_91' title='bbox 721 1494 907 1533; x_wconf 87' lang='lat' dir='ltr'><strong>quercus.</strong></span> 
     </span>
    </p>
   </div>
   <div class='ocr_carea' id='block_1_7' title="bbox 433 1558 1473 1739">
    <p class='ocr_par' dir='ltr' id='par_1_10' title="bbox 433 1558 1473 1739">
     <span class='ocr_line' id='line_1_21' title="bbox 434 1558 1189 1611; baseline 0 -13"><span class='ocrx_word' id='word_1_92' title='bbox 434 1559 544 1611; x_wconf 88' lang='lat' dir='ltr'><strong>Quid</strong></span> <span class='ocrx_word' id='word_1_93' title='bbox 563 1559 677 1611; x_wconf 90' lang='lat' dir='ltr'><strong>prius</strong></span> <span class='ocrx_word' id='word_1_94' title='bbox 697 1558 833 1598; x_wconf 86' lang='lat' dir='ltr'><strong>dicam</strong></span> <span class='ocrx_word' id='word_1_95' title='bbox 853 1559 984 1598; x_wconf 87' lang='lat' dir='ltr'><strong>solitis</strong></span> <span class='ocrx_word' id='word_1_96' title='bbox 1004 1559 1189 1611; x_wconf 87' lang='lat' dir='ltr'><strong>parentis</strong></span> 
     </span>
     <span class='ocr_line' id='line_1_22' title="bbox 434 1622 1345 1674; baseline 0.002 -12"><span class='ocrx_word' id='word_1_97' title='bbox 434 1623 659 1669; x_wconf 86' lang='lat' dir='ltr'><strong>Laudibus,</strong></span> <span class='ocrx_word' id='word_1_98' title='bbox 682 1622 753 1674; x_wconf 93' lang='lat' dir='ltr'><strong>qui</strong></span> <span class='ocrx_word' id='word_1_99' title='bbox 773 1635 836 1661; x_wconf 90' lang='lat' dir='ltr'><strong>res</strong></span> <span class='ocrx_word' id='word_1_100' title='bbox 855 1622 1073 1662; x_wconf 89' lang='lat' dir='ltr'><strong>hominum</strong></span> <span class='ocrx_word' id='word_1_101' title='bbox 1093 1636 1141 1662; x_wconf 89' lang='lat' dir='ltr'><strong>ac</strong></span> <span class='ocrx_word' id='word_1_102' title='bbox 1160 1624 1345 1671; x_wconf 88' lang='lat' dir='ltr'><strong>deorum,</strong></span> 
     </span>
     <span class='ocr_line' id='line_1_23' title="bbox 433 1685 1473 1739; baseline 0.003 -14"><span class='ocrx_word' id='word_1_103' title='bbox 433 1687 513 1738; x_wconf 89' lang='lat' dir='ltr'><strong>Qui</strong></span> <span class='ocrx_word' id='word_1_104' title='bbox 533 1699 647 1725; x_wconf 89' lang='lat' dir='ltr'><strong>mare</strong></span> <span class='ocrx_word' id='word_1_105' title='bbox 666 1690 708 1724; x_wconf 90' lang='lat' dir='ltr'><strong>et</strong></span> <span class='ocrx_word' id='word_1_106' title='bbox 729 1690 859 1724; x_wconf 86' lang='lat' dir='ltr'><strong>terras</strong></span> <span class='ocrx_word' id='word_1_107' title='bbox 878 1685 1086 1737; x_wconf 82' lang='lat' dir='ltr'><strong>variisque</strong></span> <span class='ocrx_word' id='word_1_108' title='bbox 1106 1688 1312 1727; x_wconf 91' lang='lat' dir='ltr'><strong>mundum</strong></span> <span class='ocrx_word' id='word_1_109' title='bbox 1427 1700 1473 1739; x_wconf 90' lang='lat'><strong>15</strong></span> 
     </span>
    </p>
   </div>
   <div class='ocr_carea' id='block_1_8' title="bbox 539 1751 924 1803">
    <p class='ocr_par' dir='ltr' id='par_1_11' title="bbox 539 1751 924 1803">
     <span class='ocr_line' id='line_1_24' title="bbox 539 1751 924 1803; baseline -0.005 -12"><span class='ocrx_word' id='word_1_110' title='bbox 539 1752 761 1803; x_wconf 87' lang='lat' dir='ltr'><strong>Temperat</strong></span> <span class='ocrx_word' id='word_1_111' title='bbox 782 1751 893 1790; x_wconf 89' lang='lat' dir='ltr'><strong>horis</strong></span> <span class='ocrx_word' id='word_1_112' title='bbox 910 1751 924 1790; x_wconf 88' lang='lat'>?</span> 
     </span>
    </p>
   </div>
   <div class='ocr_carea' id='block_1_9' title="bbox 433 1829 1474 2066">
    <p class='ocr_par' dir='ltr' id='par_1_12' title="bbox 433 1829 1403 2008">
     <span class='ocr_line' id='line_1_25' title="bbox 434 1829 1148 1881; baseline -0.001 -11"><span class='ocrx_word' id='word_1_113' title='bbox 434 1831 555 1870; x_wconf 93' lang='lat' dir='ltr'><strong>Unde</strong></span> <span class='ocrx_word' id='word_1_114' title='bbox 575 1829 632 1868; x_wconf 90' lang='lat' dir='ltr'><strong>nil</strong></span> <span class='ocrx_word' id='word_1_115' title='bbox 651 1829 786 1868; x_wconf 89' lang='lat' dir='ltr'><strong>maius</strong></span> <span class='ocrx_word' id='word_1_116' title='bbox 805 1834 1026 1880; x_wconf 87' lang='lat' dir='ltr'><strong>generatur</strong></span> <span class='ocrx_word' id='word_1_117' title='bbox 1045 1830 1148 1881; x_wconf 91' lang='lat' dir='ltr'><strong>ipso,</strong></span> 
     </span>
     <span class='ocr_line' id='line_1_26' title="bbox 433 1892 1403 1944; baseline 0.003 -12"><span class='ocrx_word' id='word_1_118' title='bbox 433 1894 520 1932; x_wconf 87' lang='lat' dir='ltr'><strong>Nec</strong></span> <span class='ocrx_word' id='word_1_119' title='bbox 540 1893 651 1944; x_wconf 86' lang='lat' dir='ltr'><strong>viget</strong></span> <span class='ocrx_word' id='word_1_120' title='bbox 672 1892 897 1944; x_wconf 89' lang='lat' dir='ltr'><strong>quicquam</strong></span> <span class='ocrx_word' id='word_1_121' title='bbox 917 1892 1048 1932; x_wconf 87' lang='lat' dir='ltr'><strong>simile</strong></span> <span class='ocrx_word' id='word_1_122' title='bbox 1069 1898 1142 1932; x_wconf 89' lang='lat' dir='ltr'><strong>aut</strong></span> <span class='ocrx_word' id='word_1_123' title='bbox 1162 1895 1403 1935; x_wconf 88' lang='lat' dir='ltr'><strong>secundum.</strong></span> 
     </span>
     <span class='ocr_line' id='line_1_27' title="bbox 434 1956 1127 2008; baseline 0 -12"><span class='ocrx_word' id='word_1_124' title='bbox 434 1957 649 1996; x_wconf 82' lang='lat' dir='ltr'><strong>Proximos</strong></span> <span class='ocrx_word' id='word_1_125' title='bbox 668 1956 724 1995; x_wconf 92' lang='lat' dir='ltr'><strong>illi</strong></span> <span class='ocrx_word' id='word_1_126' title='bbox 746 1960 887 1995; x_wconf 89' lang='lat' dir='ltr'><strong>tamen</strong></span> <span class='ocrx_word' id='word_1_127' title='bbox 907 1957 1127 2008; x_wconf 90' lang='lat' dir='ltr'><strong>occupavit</strong></span> 
     </span>
    </p>

    <p class='ocr_par' dir='ltr' id='par_1_13' title="bbox 541 2019 1474 2066">
     <span class='ocr_line' id='line_1_28' title="bbox 541 2019 1474 2066; baseline 0 -8"><span class='ocrx_word' id='word_1_128' title='bbox 541 2021 675 2059; x_wconf 88' lang='lat' dir='ltr'><strong>Pallas</strong></span> <span class='ocrx_word' id='word_1_129' title='bbox 693 2019 881 2066; x_wconf 84' lang='lat' dir='ltr'><strong>honores,</strong></span> <span class='ocrx_word' id='word_1_130' title='bbox 1422 2034 1474 2063; x_wconf 85' lang='lat'><strong>20</strong></span> 
     </span>
    </p>
   </div>
   <div class='ocr_carea' id='block_1_10' title="bbox 434 2098 1174 2340">
    <p class='ocr_par' dir='ltr' id='par_1_14' title="bbox 434 2098 1174 2148">
     <span class='ocr_line' id='line_1_29' title="bbox 434 2098 1174 2148; baseline 0 -11"><span class='ocrx_word' id='word_1_131' title='bbox 434 2098 602 2137; x_wconf 84' lang='lat' dir='ltr'><strong>Proeliis</strong></span> <span class='ocrx_word' id='word_1_132' title='bbox 622 2098 761 2136; x_wconf 85' lang='lat' dir='ltr'><strong>audax</strong></span> <span class='ocrx_word' id='word_1_133' title='bbox 780 2109 788 2143; x_wconf 86' lang='lat'>;</span> <span class='ocrx_word' id='word_1_134' title='bbox 819 2110 952 2148; x_wconf 91' lang='lat' dir='ltr'><strong>neque</strong></span> <span class='ocrx_word' id='word_1_135' title='bbox 974 2102 1014 2136; x_wconf 90' lang='lat' dir='ltr'><strong>te</strong></span> <span class='ocrx_word' id='word_1_136' title='bbox 1034 2098 1174 2144; x_wconf 89' lang='lat' dir='ltr'><strong>silebo,</strong></span> 
     </span>
    </p>

    <p class='ocr_par' dir='ltr' id='par_1_15' title="bbox 434 2161 1104 2213">
     <span class='ocr_line' id='line_1_30' title="bbox 434 2161 1104 2213; baseline -0.001 -13"><span class='ocrx_word' id='word_1_137' title='bbox 434 2162 567 2208; x_wconf 89' lang='lat' dir='ltr'><strong>Liber,</strong></span> <span class='ocrx_word' id='word_1_138' title='bbox 589 2166 629 2200; x_wconf 89' lang='lat' dir='ltr'><strong>et</strong></span> <span class='ocrx_word' id='word_1_139' title='bbox 649 2161 783 2200; x_wconf 89' lang='lat' dir='ltr'><strong>saevis</strong></span> <span class='ocrx_word' id='word_1_140' title='bbox 802 2161 969 2200; x_wconf 90' lang='lat' dir='ltr'><strong>inimica</strong></span> <span class='ocrx_word' id='word_1_141' title='bbox 989 2161 1104 2213; x_wconf 87' lang='lat' dir='ltr'><strong>virgo</strong></span> 
     </span>
    </p>

    <p class='ocr_par' dir='ltr' id='par_1_16' title="bbox 435 2225 1133 2340">
     <span class='ocr_line' id='line_1_31' title="bbox 435 2225 1133 2271; baseline -0.001 -7"><span class='ocrx_word' id='word_1_142' title='bbox 435 2225 585 2271; x_wconf 85' lang='lat' dir='ltr'><strong>Beluis,</strong></span> <span class='ocrx_word' id='word_1_143' title='bbox 606 2238 681 2264; x_wconf 92' lang='lat' dir='ltr'><strong>nec</strong></span> <span class='ocrx_word' id='word_1_144' title='bbox 702 2230 755 2271; x_wconf 91' lang='lat' dir='ltr'><strong>te,</strong></span> <span class='ocrx_word' id='word_1_145' title='bbox 777 2225 999 2264; x_wconf 86' lang='lat' dir='ltr'><strong>metuende</strong></span> <span class='ocrx_word' id='word_1_146' title='bbox 1019 2229 1133 2264; x_wconf 88' lang='lat' dir='ltr'><strong>certa</strong></span> 
     </span>
     <span class='ocr_line' id='line_1_32' title="bbox 541 2288 889 2340; baseline 0 -12"><span class='ocrx_word' id='word_1_147' title='bbox 541 2288 704 2328; x_wconf 91' lang='lat' dir='ltr'><strong>Phoebe</strong></span> <span class='ocrx_word' id='word_1_148' title='bbox 724 2289 889 2340; x_wconf 84' lang='lat' dir='ltr'><strong>sagitta.</strong></span> 
     </span>
    </p>
   </div>
  </div>
 </body>
</html>
