1710 2604
226 196 275 224 20

783 195 957 223 HORACE

438 307 530 344 Heu
550 305 672 344 nimis
691 306 813 356 longo
831 305 982 344 satiate
1003 305 1116 352 ludo,

437 369 571 420 Quem
592 369 710 408 iuvat
731 369 885 407 clamor
903 369 1126 421 galeaeque
1146 370 1257 409 leves

436 433 540 471 Acer
559 436 601 471 et
621 431 755 471 Mauri
774 432 927 482 peditis
946 437 1165 471 cruentum

543 495 691 534 Voltus
711 495 752 533 in
771 494 947 534 hostem.

436 605 531 644 Sive
551 609 718 644 mutata
737 604 930 644 iuvenem
950 605 1081 656 figura

436 669 531 708 Ales
551 669 592 707 in
613 668 731 707 terris
750 668 925 708 imitaris
945 669 1078 707 almae

439 732 565 771 Filius
584 731 729 777 Maiae,
752 732 915 782 patiens
934 732 1074 771 vocari

542 795 726 834 Caesaris
745 795 855 833 ultor
877 808 884 834 :

435 906 557 944 Serus
577 905 619 944 in
639 905 798 944 caelum
819 905 973 951 redeas,
995 905 1151 957 diuque

435 970 589 1009 Laetus
609 969 772 1008 intersis
791 968 945 1019 populo
965 967 1140 1019 Quirini,

435 1033 550 1072 Neve
571 1036 612 1071 te
632 1031 783 1071 nostris
801 1031 914 1069 vitiis
934 1031 1124 1082 iniquum

541 1098 663 1138 Ocior
683 1110 783 1137 aura

434 1209 570 1248 Tollat
589 1220 598 1254 ;
628 1208 695 1247 hic
714 1220 885 1258 magnos
905 1207 1045 1258 potius
1065 1207 1311 1259 triumphos,

435 1275 515 1314 Hic
534 1287 647 1313 ames
666 1274 746 1313 dici
765 1278 884 1325 pater
903 1278 1030 1324 atque
1050 1273 1252 1325 princeps,

434 1339 526 1378 Neu
545 1338 655 1377 sinas
675 1337 816 1377 Medos
836 1337 1022 1388 equitare
1042 1337 1209 1383 inultos,

538 1401 596 1440 Te
615 1401 731 1447 duce,
753 1400 913 1440 Caesar.

850 1621 923 1660 111.

716 1718 948 1770 (Asclepiad
976 1719 1029 1770 3.)

432 1822 497 1861 Sic
518 1826 558 1860 te
579 1821 678 1860 diva
698 1824 846 1870 potens
865 1818 1004 1870 Cypri,

485 1885 551 1924 Sic
572 1884 719 1923 fratres
740 1882 936 1928 Helenae,
958 1882 1094 1921 lucida
1114 1882 1261 1928 sidera,

431 1949 742 1998 Ventorumque
762 1950 876 1997 regat
897 1950 1017 1996 pater

483 2009 706 2051 Obstrictis
727 2008 816 2048 aliis
836 2013 999 2059 praeter
1020 2008 1191 2059 Iapyga,

429 2121 572 2165 Navis,
595 2132 702 2171 quae
723 2118 800 2158 tibi
820 2118 1025 2157 creditum

484 2183 620 2224 Debes
640 2182 864 2233 Vergilium
886 2194 893 2221 :
925 2181 1076 2220 finibus
1096 2180 1247 2220 Atticis

430 2247 597 2286 Reddas
618 2245 878 2291 incolumem,
900 2257 1054 2296 precor,

484 2310 539 2352 Et
560 2322 697 2351 serves
716 2309 879 2349 animae
898 2307 1116 2350 dimidium
1136 2320 1263 2350 meae.

1480 508 1530 547 40

1478 916 1527 956 45

1475 1285 1526 1324 50
