1679 2583
667 180 779 210 ODEs
810 183 866 212 1v.
901 186 961 214 12.
1398 198 1473 239 127

368 271 541 326 Semper
559 281 608 317 ut
629 282 670 317 te
691 280 818 332 digna
837 296 1011 336 sequare
1031 292 1073 327 et
1094 290 1206 330 ultra

368 335 506 386 Quam
524 339 621 380 licet
641 354 807 393 sperare
826 347 944 387 nefas
963 353 1156 401 putando
1419 371 1470 409 30

367 398 588 451 Disparem
608 404 728 445 vites.
786 409 874 460 Age
893 411 990 459 iam,
1013 427 1202 456 meorum

420 463 535 504 Finis
555 479 759 516 amorum,

368 538 477 589 (Non
497 542 609 583 enim
628 547 806 596 posthac
826 550 908 590 alia
928 553 1072 594 calebo

364 601 551 655 Femina)
575 609 766 650 condisce
787 614 945 661 modos,
969 620 1151 659 amanda

363 665 472 705 Voce
493 681 598 720 quos
616 673 767 713 reddas
790 687 797 714 ε
828 677 1072 720 minuentur
1091 687 1208 723 atrae
1411 699 1461 740 35

415 728 607 772 Carmine
627 746 763 776 curae.

754 885 846 926 XII.

626 957 863 1013 (Asclepz'ad
880 964 936 1016 4.)

354 1029 445 1069 Iam
465 1032 572 1072 veris
592 1037 778 1084 comites,
801 1053 908 1091 quae
929 1055 1042 1084 mare
1063 1050 1314 1099 temperant,

353 1093 565 1144 Inpellunt
586 1098 750 1140 animae
769 1102 901 1144 lintea
920 1105 1120 1149 Thraciae
1140 1123 1149 1157 ;

352 1156 443 1196 Iam
462 1171 538 1197 nec
557 1166 682 1212 prata
700 1163 835 1216 rigent
855 1180 931 1207 nec
950 1170 1069 1210 fluvii
1088 1177 1282 1226 strepunt

404 1220 593 1262 Hiberna
611 1225 709 1265 nive
730 1229 898 1279 turgidi.

346 1295 503 1337 Nidum
522 1301 655 1350 ponit,
678 1303 779 1354 Ityn
799 1306 994 1348 flebiliter
1011 1323 1193 1362 gemens,
1423 1331 1445 1371 5

346 1359 498 1399 Infelix
517 1363 608 1403 avis
627 1369 669 1404 et
690 1366 912 1420 Cecropiae
933 1372 1084 1414 domus

342 1421 572 1464 Aeternum
592 1429 877 1479 opprobrium,
899 1437 1014 1486 quod
1033 1439 1141 1479 male
1162 1440 1362 1485 barbaras

397 1485 601 1537 Regumst
621 1491 712 1531 ulta
730 1493 938 1536 libidines.

341 1561 498 1602 Dicunt
517 1565 560 1604 in
581 1570 724 1608 tenero
743 1572 930 1621 gramine
950 1576 1169 1628 pinguium

340 1624 542 1666 Custodes
561 1629 705 1670 ovium
725 1635 911 1675 carmina
931 1638 1073 1679 fistula
1390 1661 1438 1688 1o

339 1686 645 1743 Delectantque
666 1694 804 1742 deum,
827 1699 892 1737 cui
911 1713 1038 1751 pecus
1058 1708 1100 1743 et
1119 1705 1260 1757 nigrae

390 1751 522 1792 Colles
541 1754 746 1798 Arcadiae
766 1761 947 1810 placent.

334 1827 558 1869 Adduxere
577 1832 691 1872 sitim
712 1839 915 1888 tempora,
938 1840 1092 1893 Vergili
1110 1856 1119 1890 ;

334 1890 415 1930 Sed
433 1905 621 1942 pressum
642 1895 809 1938 Calibus
829 1900 978 1942 ducere
999 1904 1196 1948 Liberum

334 1952 376 1991 Si
394 1955 532 2004 gestis,
554 1956 754 2000 iuvenum
773 1962 976 2005 nobilium
996 1968 1136 2017 cliens,
1382 1987 1428 2026 15

384 2016 527 2057 Nardo
546 2020 646 2060 vina
665 2025 901 2066 mereberis.

328 2091 367 2130 N
371 2093 460 2134 ardi
478 2108 633 2145 parvus
653 2111 768 2150 onyx
787 2102 922 2143 eliciet
943 2107 1108 2154 cadum,

329 2155 409 2206 Qui
427 2169 539 2197 nunc
558 2159 750 2212 Sulpiciis
770 2165 954 2208 adcubat
974 2169 1143 2219 horreis,

328 2217 429 2269 Spes
448 2220 603 2261 donare
622 2236 754 2265 novas
773 2228 912 2280 largus
932 2244 1158 2287 amaraque

381 2281 584 2324 Curarum
603 2287 738 2328 eluere
757 2291 916 2334 efficax.
1370 2317 1420 2346 20
