1710 2604
222 164 272 205 88

795 173 971 203 HORACE

441 277 534 315 IUV.
595 275 602 288 ‘
623 274 734 326 Quid
754 275 787 313 si
808 275 944 325 prisca
964 274 1072 313 redit
1093 275 1234 314 Venus

493 338 783 389 Diductosque
803 338 900 388 iugo
920 338 1030 388 cogit
1053 337 1212 376 aheneo
1229 337 1245 377 ?

439 404 480 443 Si
501 404 613 442 flava
633 403 848 441 excutitur
868 401 994 441 Chloe

494 466 774 516 Reiectaeque
795 470 915 516 patet
936 466 1062 504 ianua
1084 465 1241 516 Lydiae
1259 465 1274 504 ?
1297 465 1306 479 ’
1496 477 1546 505 20

440 544 550 582 LYD.
610 543 618 556 ‘
639 542 909 594 Quamquam
930 542 1062 581 sidere
1084 542 1295 593 pulchrior

494 607 622 652 Illest,
645 611 693 645 tu
713 606 844 645 levior
865 606 1018 644 cortice
1039 611 1080 645 et
1103 605 1280 657 inprobo

441 669 687 710 Iracundior
708 669 870 709 Hadria
894 681 900 708 :

492 733 648 771 Tecum
669 733 811 771 vivere
832 745 984 778 amem,
1008 737 1148 771 tecum
1168 732 1318 770 obeam
1339 732 1472 771 libens
1495 733 1501 771 !
1524 732 1531 745 '

862 875 913 914 X.

735 949 786 1000 (A
795 949 974 1000 sclepiad
993 949 1047 999 4.)

445 1038 695 1075 Extremum
716 1034 879 1073 Tanain
899 1034 934 1073 si
954 1033 1130 1079 biberes,
1154 1033 1276 1084 Lyce,

443 1101 578 1139 Saevo
598 1103 734 1150 nupta
754 1098 858 1144 viro,
881 1110 948 1136 me
969 1102 1113 1136 tamen
1135 1110 1303 1148 asperas

445 1164 689 1202 Porrectum
710 1166 809 1200 ante
830 1162 940 1200 fores
959 1161 1123 1199 obicere
1143 1161 1289 1200 incolis

553 1226 743 1265 Plorares
764 1224 1057 1276 Aquilonibus.

446 1304 591 1348 Audis,
615 1316 699 1354 quo
719 1302 899 1353 strepitu
920 1302 1059 1347 ianua,
1082 1314 1166 1352 quo
1187 1314 1334 1340 nemus
1532 1310 1555 1351 5

448 1370 564 1407 Inter
585 1366 760 1418 pulchra
781 1370 922 1404 satum
946 1370 1059 1404 tecta
1078 1365 1286 1416 remugiat

447 1431 608 1475 Ventis,
631 1434 673 1469 et
694 1429 855 1480 positas
876 1433 923 1467 ut
944 1428 1095 1479 glaciet
1115 1428 1233 1467 nives

556 1494 667 1532 Puro
687 1493 860 1532 numine
883 1491 1106 1543 Iuppiter?

450 1574 667 1623 Ingratam
688 1570 839 1609 Veneri
860 1582 968 1621 pone
989 1569 1241 1621 superbiam,

450 1636 513 1674 Ne
535 1638 728 1673 currente
747 1638 860 1672 retro
881 1633 992 1671 funis
1013 1637 1081 1671 eat
1102 1636 1197 1671 rota
1215 1644 1224 1678 ;
1511 1643 1561 1671 10

450 1699 546 1738 Non
568 1703 608 1737 te
631 1698 868 1748 Penelopen
888 1696 1098 1735 difficilem
1120 1695 1256 1747 procis

557 1761 800 1812 Tyrrhenus
820 1759 965 1811 genuit
986 1771 1150 1810 parcns.

452 1839 487 1878 O
508 1838 704 1890 quamvis
723 1849 860 1888 neque
882 1841 923 1875 te
944 1848 1119 1874 munera
1139 1848 1215 1874 nec
1235 1847 1377 1886 preces

451 1903 539 1941 Nec
560 1902 719 1941 tinctus
740 1900 853 1939 viola
872 1900 1007 1951 pallor
1027 1899 1264 1938 amantium

452 1966 540 2005 Nec
559 1965 624 2004 vir
646 1964 781 2003 Pieria
801 1964 958 2015 paelice
978 1963 1144 2002 saucius

561 2028 719 2067 Curvat
741 2040 748 2071 ;
779 2026 1039 2078 supplicibus
1061 2026 1145 2065 tuis
1516 2035 1563 2074 15

456 2106 620 2150 Parcas,
643 2117 719 2143 nec
740 2104 873 2155 rigida
893 2104 1056 2142 mollior
1076 2103 1242 2142 aesculo

456 2169 542 2208 Nec
564 2168 719 2207 Mauris
741 2168 929 2206 animum
950 2167 1093 2206 mitior
1113 2166 1333 2217 anguibus.

457 2233 551 2271 Non
572 2232 652 2270 hoc
671 2244 835 2282 semper
855 2231 933 2269 erit
954 2230 1108 2269 liminis
1129 2235 1203 2269 aut
1225 2242 1359 2280 aquae

565 2294 764 2334 Caelestis
785 2294 951 2346 patiens
971 2295 1095 2333 latus.
1516 2303 1566 2332 20
