1679 2583
645 174 756 202 ODEs
787 174 830 202 11.
866 175 925 214 17.

346 283 500 321 Laetus
520 283 561 321 in
582 295 775 334 praesens
795 282 958 321 animus
978 282 1091 333 quod
1112 281 1262 319 ultrast

345 346 490 385 Oderit
511 359 653 385 curare
674 351 715 385 et
736 359 879 384 amara
898 346 1011 384 lento

344 408 563 459 Temperet
583 409 668 447 risu
688 421 695 454 ;
725 409 827 447 nihil
848 413 909 447 est
931 408 984 447 ab
1005 407 1119 447 omni

399 472 522 510 Parte
542 471 727 511 beatum.

344 548 531 587 Abstulit
551 549 708 587 clarum
729 549 813 587 cita
833 561 944 587 mors
963 548 1180 593 Achillem,

345 611 487 662 Longa
506 611 736 650 Tithonum
756 612 907 650 minuit
928 616 1131 655 senectus,

344 674 400 713 Et
421 674 521 712 mihi
542 674 694 719 forsan,
718 674 794 713 tibi
815 674 928 725 quod
948 674 1122 724 negarit,

399 736 585 788 Porriget
605 736 719 776 hora.

343 812 399 851 Te
418 826 559 864 greges
579 818 748 852 centum
770 813 1013 864 Siculaeque
1033 813 1188 851 circum

343 875 536 926 Mugiunt
556 889 720 921 vaccae,
744 876 822 915 tibi
842 876 952 915 tollit
971 875 1183 914 hinnitum

342 939 456 989 Apta
476 939 687 990 quadrigis
707 952 827 990 equa,
850 943 891 978 te
911 939 974 977 bis
994 939 1096 977 Afro

395 1001 549 1040 Murice
570 1002 726 1041 tinctae

342 1076 537 1116 Vestiunt
558 1078 676 1116 lanae
697 1089 704 1123 ;
736 1078 837 1116 mihi
858 1090 989 1128 parva
1008 1090 1103 1116 rura
1124 1082 1165 1116 et

343 1139 544 1190 Spiritum
565 1140 713 1179 Graiae
734 1146 903 1179 tenuem
923 1140 1127 1179 Camenae

343 1202 473 1241 Parca
492 1216 575 1241 non
596 1203 776 1242 mendax
798 1203 914 1242 dedit
934 1208 975 1242 et
996 1203 1225 1253 malignum

394 1264 592 1316 Spernere
613 1267 771 1316 volgus.

719 1392 844 1431 XVII.

689 1472 874 1522 (Alcaic.)

340 1550 421 1589 Cur
440 1564 506 1590 me
526 1552 717 1602 querellis
737 1552 951 1591 exanimas
972 1553 1054 1591 tuis
1071 1552 1086 1591 Ρ

339 1613 376 1651 N
381 1626 426 1652 ec
446 1613 508 1652 dis
529 1614 750 1653 amicumst
771 1627 846 1653 nec
865 1614 968 1653 mihi
989 1620 1030 1654 te
1050 1615 1164 1666 prius

392 1676 529 1721 Obire‚
552 1676 782 1722 Maecenas,
804 1690 992 1715 mearum

445 1738 610 1777 Grande
631 1740 757 1778 decus
777 1740 1050 1791 columenque
1071 1752 1220 1779 rerum.

339 1812 387 1858 A,
411 1817 451 1851 te
471 1825 588 1851 meae
608 1813 641 1851 si
661 1818 824 1863 partem
845 1813 1009 1852 animae
1029 1813 1139 1864 rapit

339 1875 541 1914 Maturior
561 1875 636 1920 vis,
659 1875 760 1926 quid
780 1888 918 1914 moror
938 1876 1082 1921 altera,

392 1938 478 1976 Nec
498 1950 618 1976 carus
638 1951 768 1988 aeque
789 1951 864 1977 nec
884 1944 1093 1989 superstes

446 2001 612 2051 Integer
630 2000 644 2039 ?
704 2001 777 2039 Ille
797 2001 884 2040 dies
904 2006 1127 2052 utramque

339 2077 475 2115 Ducet
494 2077 671 2116 ruinam.
729 2078 825 2116 Non
845 2091 920 2128 ego
940 2078 1145 2129 perfidum

338 2139 436 2178 Dixi
456 2144 765 2179 sacramentum
787 2152 794 2179 :
826 2140 991 2186 ibimus,
1013 2140 1178 2186 ibimus,

392 2202 631 2253 Utcumque
652 2203 884 2253 praecedes,
907 2216 1146 2254 supremum

446 2264 622 2316 Carpere
643 2265 721 2304 iter
741 2265 913 2304 comites
933 2266 1081 2316 parati.

1392 619 1443 657 30

1388 948 1437 986 35

1384 1278 1436 1315 40

1388 2153 1436 2179 10
