1710 2604
167 167 217 207 24
724 162 897 193 HORACE

324 278 543 321 Conamur,
566 281 710 314 tenues
729 275 913 326 grandia,
935 275 1035 315 dum
1055 276 1190 327 pudor

326 340 574 390 Inbellisque
594 339 706 389 lyrae
728 339 846 377 Musa
865 343 1013 390 potens
1033 344 1151 378 vetat
1423 352 1471 380 1o

325 403 486 442 Laudes
506 401 655 452 egregii
674 401 858 440 Caesaris
877 405 919 440 et
940 405 1035 441 tuas

429 468 560 519 Culpa
579 468 763 506 deterere
782 467 931 519 ingeni.

323 546 424 596 Quis
444 546 621 584 Martem
642 544 784 583 tunica
805 548 964 583 tectum
984 545 1257 585 adamantina

323 610 454 660 Digne
476 608 695 660 scripserit,
717 612 791 647 aut
812 608 981 659 pulvere
999 608 1145 648 Troico

323 675 495 726 Nigrum
516 674 724 714 Merionen
741 673 756 713 Ρ
816 679 889 713 aut
909 687 986 725 ope
1008 674 1187 714 Palladis
1417 686 1463 724 15

426 738 616 789 Tydiden
637 737 794 789 superis
814 751 956 789 parem
974 738 987 776 ἓ

324 816 410 855 Nos
431 815 636 860 convivia,
659 828 733 854 nos
753 815 908 866 proelia
927 815 1134 866 virginum

322 879 452 918 Sectis
473 878 514 916 in
534 878 704 917 iuvenes
724 878 932 929 unguibus
952 878 1109 916 acrium

321 942 562 987 Cantamus,
584 941 727 986 vacui;
750 941 836 980 sive
857 941 957 992 quid
977 941 1147 985 urimur,

428 1008 523 1047 Non
544 1012 708 1058 praeter
726 1007 895 1046 solitum
916 1008 1038 1047 leves.
1421 1019 1472 1048 20

771 1137 861 1175 VII.

670 1203 961 1253 (Alcmanian.)

216 1281 470 1321 Laudabunt
491 1281 559 1319 alii
580 1281 733 1319 claram
756 1280 935 1319 Rhodon
958 1285 1032 1319 aut
1054 1281 1294 1332 Mytilenen,

269 1346 354 1384 Aut
375 1344 587 1396 Ephesum
607 1344 830 1382 bimarisve
849 1343 1036 1382 Corinthi

217 1408 391 1453 Moenia,
412 1408 478 1446 vel
498 1407 664 1446 Baccho
683 1406 847 1445 Thebas
866 1407 933 1445 vel
953 1406 1143 1458 Apolline
1166 1407 1351 1458 Delphos

271 1472 457 1523 Insignes
477 1475 550 1510 aut
571 1470 768 1509 Thessala
787 1470 954 1521 Tempe.

218 1549 323 1588 Sunt
343 1548 494 1599 quibus
512 1560 642 1586 unum
661 1560 766 1598 opus
784 1551 858 1586 est.
879 1547 1063 1585 intactae
1083 1547 1262 1586 Palladis
1281 1547 1427 1586 urbem
1447 1557 1470 1596 5

270 1611 460 1651 Carmine
480 1615 681 1662 perpetuo
701 1610 906 1649 celebrare
926 1614 968 1648 et

220 1677 414 1728 Undique
435 1677 674 1727 decerptam
696 1675 821 1714 fronti
842 1687 1094 1727 praeponere
1113 1675 1279 1714 olivam.

275 1741 480 1779 Plurimus
500 1740 542 1778 in
563 1739 734 1778 Iunonis
752 1739 951 1778 honorem

222 1819 380 1870 Aptum
400 1818 509 1856 dicet
529 1817 645 1868 equis
665 1817 796 1868 Argos
816 1816 1005 1867 ditesque
1026 1817 1234 1867 Mycenas.

276 1882 340 1920 Me
359 1893 435 1919 nec
455 1885 543 1919 tam
563 1880 726 1931 patiens
746 1879 1032 1918 Lacedaemon
1427 1891 1474 1918 10

224 1945 309 1983 Nec
329 1949 417 1983 tam
438 1943 622 1982 Larissae
643 1943 843 1994 percussit
864 1955 1036 1993 campus
1056 1942 1232 1993 opimae,

277 2007 412 2058 Quam
432 2007 580 2046 domus
601 2007 812 2045 Albuneae
832 2005 1062 2044 resonantis

226 2086 281 2125 Et
302 2097 497 2137 praeceps
516 2085 623 2123 Anio
644 2097 692 2123 ac
710 2083 882 2123 Tiburni
904 2083 1020 2122 lucus
1039 2087 1081 2122 et
1101 2083 1185 2122 uda

279 2148 500 2188 Mobilibus
519 2148 705 2199 pomaria
724 2147 834 2186 rivis.

228 2212 356 2250 Albus
376 2216 423 2250 ut
443 2211 618 2250 obscuro
637 2212 822 2262 deterget
843 2210 984 2249 nubila
1004 2209 1117 2248 caelo
1429 2219 1476 2258 15

281 2275 414 2327 Saepa
440 2275 578 2314 Notus
598 2287 672 2314 nec
693 2274 874 2326 parturit
901 2273 1055 2313 imbres
