1710 2604
793 173 966 202 HORACE

386 286 479 325 Urit
501 298 567 324 me
587 284 785 335 Glycerae
805 284 927 330 nitor,

440 348 704 400 Splendentis
725 347 846 386 Pario
866 359 1072 386 marmore
1092 347 1234 399 purius
1253 358 1262 393 ;

387 412 480 452 Urit
501 416 621 463 grata
641 411 892 463 protervitas

440 478 495 517 Et
516 478 656 516 voltus
675 477 850 516 nimium
871 476 1052 516 lubricus
1073 476 1243 528 adspici.

389 589 437 627 In
457 601 523 626 me
544 592 636 626 tota
656 600 778 626 ruens
797 587 938 625 Venus

439 652 623 704 Cyprum
644 651 837 697 deseruit,
858 664 933 690 nec
953 651 1113 702 patitur
1134 650 1313 701 Scythas

388 717 443 755 Et
463 715 591 754 versis
612 715 845 754 animosum
865 715 982 766 equis

443 779 646 818 Parthum
666 779 812 825 dicere,
834 791 909 818 nec
929 791 1036 830 quae
1056 777 1158 816 nihil
1179 777 1375 816 attinent.

390 890 468 929 Hic
489 890 634 928 vivum
655 889 757 928 mihi
776 889 1015 940 caespitem,
1036 888 1102 927 hic

441 953 664 999 Verbenas,
686 952 814 1004 pueri,
836 952 979 1004 ponite
1000 957 1179 1002 turaque

390 1017 499 1056 Bimi
519 1029 613 1055 cum
634 1020 780 1067 patera
800 1015 900 1054 meri
923 1027 930 1054 ;

444 1081 630 1119 Mactata
650 1079 789 1118 veniet
810 1078 938 1118 lenior
956 1078 1105 1117 hostia.

841 1277 916 1315 XX
923 1306 931 1316 .

753 1388 948 1440 <sapwic
973 1387 1022 1438 1.)

395 1502 482 1541 Vile
502 1501 668 1553 potabis
688 1499 862 1539 modicis
881 1498 1082 1537 Sabinum

393 1564 626 1610 Cantharis,
648 1563 806 1602 Graeca
825 1562 939 1613 quod
958 1574 1032 1612 ego
1053 1560 1139 1611 ipse
1160 1564 1270 1599 testa

393 1629 620 1668 Conditum
639 1627 733 1672 levi,
754 1626 879 1665 datus
900 1625 940 1663 in
961 1625 1127 1664 theatro

499 1691 605 1730 Cum
626 1690 702 1729 tibi
722 1689 904 1741 plausus,

394 1803 523 1848 Clare,
545 1802 773 1845 Maecenas,
795 1811 933 1850 eques,
955 1804 1002 1837 ut
1024 1797 1187 1850 paterni

395 1865 595 1904 Fluminis
616 1864 728 1916 ripae
748 1862 870 1902 simul
889 1867 931 1901 et
951 1862 1088 1900 iocosa

396 1929 604 1968 Redderet
625 1927 767 1966 laudes
788 1925 864 1965 tibi
884 1924 1077 1963 Vaticani

501 1991 655 2030 Montis
675 1990 823 2040 imago.

394 2102 630 2142 Caecubum
651 2106 692 2139 et
713 2099 852 2151 praelo
873 2098 1077 2138 domitam
1096 2097 1250 2137 Caleno

392 2165 455 2204 Tu
475 2165 590 2204 vides
609 2176 737 2203 uvam
759 2175 767 2202 :
797 2175 890 2201 mea
910 2174 984 2200 nec
1004 2161 1203 2200 Falernae

392 2230 642 2280 Temperant
663 2227 770 2266 vites
790 2238 924 2277 neque
945 2224 1153 2264 Formiani

502 2292 653 2330 Pocula
671 2291 805 2330 colles.

1488 662 1536 690 10

1491 1024 1538 1064 15

1497 2171 1545 2199 10
