1710 2604
211 173 261 215 62

782 171 987 209 HoRAcE‘

822 291 914 330 XII.

716 403 766 453 (A
773 402 949 454 sclepiad
967 403 1021 454 4.)

424 514 540 553 Nolis
560 514 683 565 longa
703 513 813 552 ferae
833 513 941 552 bella
960 513 1218 554 Numantiae

422 578 509 617 Nec
529 577 681 617 durum
702 576 984 616 Hannibalem
1004 590 1081 617 nec
1102 578 1287 617 Siculum
1307 591 1421 617 mare

423 642 562 680 Poeno
582 653 838 692 purpureum
858 641 1059 692 sanguine
1079 641 1275 681 mollibus

475 703 625 756 Aptari
645 703 830 742 citharae
850 704 997 750 modis,

422 782 508 821 Nec
527 794 675 820 saevos
696 781 898 832 Lapithas
918 785 960 820 et
980 781 1158 820 nimium
1178 794 1293 820 mero

424 845 633 896 Hylaeum
655 844 920 896 domitosque
941 845 1147 884 Herculea
1167 858 1295 883 manu

423 908 596 948 Telluris
616 908 799 953 iuvenes,
822 908 932 947 unde
953 908 1182 959 periculum

479 972 658 1023 Fulgens
678 971 930 1010 contremuit
951 972 1101 1011 domus

422 1049 591 1089 Saturni
612 1049 764 1088 veteris
787 1061 794 1087 :
828 1053 957 1100 tuque
978 1049 1241 1100 pedestribus

423 1114 544 1153 Dices
563 1113 745 1152 historiis
765 1112 921 1164 proelia
940 1112 1138 1158 Caesaris,

419 1178 650 1222 Maecenas,
674 1176 820 1215 melius
841 1176 1053 1227 ductaque
1074 1189 1146 1227 per
1166 1176 1256 1215 vias

477 1241 640 1291 Regum
660 1240 765 1279 colla
785 1239 1024 1278 minacium.

421 1320 487 1358 Me
508 1318 648 1357 dulces
668 1317 861 1356 dominae
884 1315 1003 1356 Musa
1024 1316 1265 1367 Licymniae

419 1382 591 1427 Cantus,
614 1394 680 1420 me
700 1380 834 1420 voluit
855 1380 989 1419 dicere
1010 1380 1195 1419 lucidum

420 1446 641 1497 Fulgentes
661 1445 801 1483 oculos
821 1448 863 1482 et
883 1443 988 1482 bene
1008 1443 1166 1483 mutuis

474 1509 625 1548 Fidum
647 1513 794 1560 pectus
814 1507 1026 1546 amoribus
1046 1519 1054 1554 ;

418 1587 555 1638 Quam
575 1599 650 1625 nec
671 1586 774 1625 ferre
794 1586 943 1636 pedem
963 1585 1155 1624 dedecuit
1176 1585 1312 1624 choris

418 1651 505 1689 Nec
525 1654 682 1689 certare
704 1649 793 1688 ioco
813 1661 888 1687 nec
909 1648 1008 1687 dare
1028 1647 1225 1687 bracchia

419 1714 652 1753 Ludentem
672 1712 815 1751 nitidis
835 1711 1066 1763 virginibus
1086 1724 1203 1750 sacro

473 1777 631 1817 Dianae
652 1776 821 1815 celebris
842 1775 919 1814 die.

419 1852 531 1892 Num
554 1856 600 1890 tu
621 1863 728 1902 quae
750 1850 885 1889 tenuit
907 1850 1024 1889 dives
1042 1849 1327 1888 Achaemenes

419 1917 504 1955 Aut
525 1915 690 1967 pinguis
712 1913 916 1965 Phrygiae
938 1913 1187 1965 Mygdonias
1207 1926 1306 1965 opes

422 1980 663 2019 Permutare
684 1978 786 2016 velis
806 1977 916 2016 crine
938 1976 1179 2028 Licymniae

475 2042 624 2081 Plenas
645 2046 719 2080 aut
740 2040 927 2079 Arabum
948 2040 1106 2085 domos,

421 2115 534 2154 Dum
554 2113 774 2165 flagrantia
794 2113 1016 2163 detorquet
1038 2111 1092 2150 ad
1111 2111 1253 2150 oscula

421 2178 645 2223 Cervicem,
667 2182 741 2216 aut
763 2176 873 2215 facili
893 2175 1069 2215 saevitia
1089 2179 1227 2226 negat,

422 2241 537 2292 Quae
559 2244 755 2292 poscente
775 2239 907 2290 magis
925 2238 1107 2290 gaudeat
1128 2237 1242 2289 eripi,

478 2304 695 2346 Interdum
717 2316 859 2358 rapere
879 2306 1066 2357 occupet.

1474 1125 1522 1152 10

1468 1455 1514 1493 15

1469 1786 1520 1814 20

1473 2119 1521 2161 25
