1710 2604
820 193 992 222 HORACE

514 306 729 357 Insignem
751 305 867 345 tenui
889 305 1025 344 fronte
1047 304 1252 356 Lycorida

511 370 608 420 Cyri
632 375 761 409 torret
783 382 911 415 amor,
933 369 1064 420 Cyrus
1084 369 1126 407 in
1147 381 1338 419 asperam

510 434 704 473 Declinat
730 433 912 472 Pholoen
935 445 942 472 :
975 433 1047 472 sed
1067 433 1181 484 prius
1201 431 1348 483 Apulis

564 498 798 549 Iungentur
818 509 990 548 capreae
1011 496 1118 548 lupis

513 575 649 626 Quam
671 575 783 626 turpi
806 574 959 613 Pholoe
979 578 1122 625 peccet
1143 573 1345 612 adultero.

508 639 572 678 Sic
592 639 728 678 visum
748 638 909 685 Veneri,
931 638 996 677 cui
1016 638 1153 689 placet
1173 637 1339 688 inpares

509 702 681 741 Formas
702 707 830 754 atque
851 701 1012 740 animos
1033 700 1111 740 sub
1132 700 1228 751 iuga
1247 712 1375 739 aenea

562 768 695 808 Saevo
716 768 883 807 mittere
903 780 999 806 cum
1020 767 1122 806 ioco.

507 846 650 897 Ipsum
670 859 735 885 me
755 846 898 885 melior
918 858 1011 884 curn
1032 849 1191 896 peteret
1210 844 1363 888 Venus,

504 909 635 949 Grata
656 910 838 949 detinuit
859 909 1059 960 compede
1080 908 1258 959 Myrtale

505 973 732 1019 Libertina,
754 973 871 1012 fretis
891 973 1023 1011 acrior
1043 971 1227 1011 Hadriae

555 1037 780 1076 Curvantis
800 1036 997 1076 Calabros
1017 1036 1143 1075 sinus.

800 1175 985 1214 XXXIV.

800 1254 850 1303 (A
858 1253 985 1303 lcaic.)

449 1332 602 1371 Parcus
623 1332 795 1371 deorum
817 1331 951 1370 cultor
970 1335 1011 1370 et
1033 1329 1286 1381 infrequens,

448 1395 701 1435 Insanientis
720 1395 821 1434 dum
841 1394 1071 1446 sapientiae

499 1459 724 1498 Consultus
744 1471 846 1504 erro,
868 1471 981 1497 nunc
1001 1462 1228 1497 retrorsum

554 1522 655 1561 Vela
675 1522 774 1562 dare
795 1527 922 1573 atque
942 1521 1091 1560 iterare
1112 1533 1256 1560 cursus

447 1600 579 1650 Cogor
598 1600 762 1639 relictos
785 1611 792 1639 ε
823 1612 1005 1650 namque
1026 1598 1246 1650 Diespiter,

448 1662 538 1714 Igni
559 1675 728 1702 corusco
748 1663 891 1702 nubila
911 1663 1103 1702 dividens

501 1726 764 1778 Plerumque,
787 1739 860 1778 per
880 1739 1031 1777 purum
1053 1730 1249 1765 tonantes

555 1790 652 1841 Egit
673 1803 802 1842 equos
822 1790 1117 1840 volucremque
1138 1801 1303 1828 currum
1323 1799 1331 1833 ;

445 1867 538 1918 Quo
558 1868 683 1907 bruta
704 1868 825 1907 tellus
845 1872 886 1907 et
907 1880 1015 1918 vaga
1035 1866 1221 1911 flumina,

446 1930 538 1982 Quo
559 1931 665 1982 Styx
685 1936 726 1970 et
746 1930 868 1970 invisi
888 1930 1054 1969 horrida
1073 1929 1249 1969 Taenari

500 1994 625 2033 Sedes
644 1995 950 2045 Atlanteusque
970 1993 1064 2032 finis

554 2057 814 2097 Concutitur.
873 2057 994 2096 Valet
1016 2057 1099 2095 ima
1119 2055 1293 2095 summis

447 2135 610 2173 Mutare
631 2140 671 2174 et
693 2135 895 2186 insignem
916 2138 1112 2173 attenuat
1135 2133 1250 2178 deus,

447 2197 637 2237 Obscura
658 2211 852 2249 promens
872 2209 879 2243 ;
909 2197 1006 2236 hinc
1026 2197 1186 2248 apicem
1206 2208 1337 2248 rapax

501 2260 691 2300 Fortuna
711 2274 806 2300 cum
827 2261 1001 2300 stridore
1022 2264 1146 2299 acuto

554 2324 745 2370 Sustulit,
766 2324 832 2364 hic
853 2324 1039 2376 posuisse
1059 2323 1226 2375 gaudet.

1504 647 1552 675 10

1503 979 1551 1020 15

1499 1939 1547 1967 10

1499 2268 1545 2308 15
