1700 2573
639 171 750 200 ODEs
779 171 806 199 1.
838 172 899 206 21,
931 171 991 199 22.
1416 168 1467 208 37

762 283 871 321 ΧΧΙ.

666 360 716 411 (A
723 359 897 411 sclepiad
915 360 968 410 5.)

325 448 503 488 Dianam
524 453 689 488 tenerae
709 448 832 487 dicite
851 447 1041 498 virgines,

324 512 556 558 Intonsum,
578 511 704 563 pueri,
727 511 851 550 dicite
869 510 1098 561 Cynthium

376 576 664 626 Latonamque
684 587 875 625 supremo

429 639 634 678 Dilectam
655 638 820 689 penitus
841 637 943 676 Iovi.

326 716 406 755 Vos
425 716 578 754 laetam
598 715 734 754 fluviis
753 719 795 754 et
814 727 1031 753 nemorum
1049 727 1180 758 coma,
1440 720 1463 761 5

323 781 620 833 Quaecumque
640 785 713 820 aut
732 781 867 832 gelido
886 779 1094 831 prominet
1113 779 1274 830 Algido,

374 845 511 895 Nigrls
531 848 605 883 aut
626 843 876 894 Erymanthi

428 907 549 946 Silvis
568 911 642 946 aut
661 907 804 945 viridis
823 906 941 957 Cragi
961 917 968 950 ;

323 985 405 1024 Vos
423 985 578 1036 Tempe
599 984 776 1023 totidem
797 983 929 1022 tollite
950 983 1141 1022 laudibus

322 1048 611 1099 Natalemque,
633 1060 778 1092 mares
802 1047 934 1086 Delon
954 1046 1167 1097 Apollinis,
1417 1057 1464 1083 10

375 1111 666 1161 Insignemque
686 1110 881 1162 pharetra

426 1174 710 1224 Fraternaque
730 1186 920 1212 umerum
940 1173 1040 1224 lyra.

321 1252 401 1290 Hic
420 1251 575 1290 bellum
594 1250 869 1295 lacrimosum,
891 1250 957 1288 hic
977 1250 1170 1288 miseram
1191 1249 1344 1287 famem

321 1316 568 1366 Pestemque
588 1328 613 1353 a
632 1314 786 1366 populo
806 1318 847 1353 et
869 1313 1052 1365 principe
1071 1313 1243 1352 Caesare
1263 1312 1304 1350 in

374 1379 517 1417 Persas
537 1382 663 1429 atque
683 1378 906 1416 Britannos
1417 1384 1463 1424 15

429 1441 578 1480 Vestra
598 1445 737 1480 motus
757 1445 850 1491 aget
871 1453 1000 1492 prece.

747 1660 876 1699 xxn.

678 1737 871 1788 (Sapplzz'c
893 1737 943 1787 1.)

424 1826 591 1876 Integer
610 1825 723 1864 vitae
743 1824 986 1875 scelerisque
1006 1837 1133 1875 purus

422 1889 517 1927 Non
539 1893 631 1939 eget
652 1888 806 1927 Mauris
825 1888 968 1927 iaculis
987 1901 1121 1939 neque
1141 1900 1239 1926 arcu

422 1952 459 1990 N
466 1964 510 1990 ec
530 1951 747 1990 venenatis
766 1951 939 2002 gravida
959 1951 1134 2002 sagittis,

529 2014 670 2060 Fusce,
693 2014 900 2065 pharetra.

421 2091 515 2130 Sive
535 2104 607 2142 per
627 2091 768 2141 Syrtes
788 2091 865 2129 iter
884 2096 1110 2136 aestuosas,
1439 2098 1459 2139 5

421 2154 516 2193 Sive
536 2154 723 2193 facturus
743 2167 815 2205 per
835 2154 1128 2205 inhospitalem

425 2217 656 2257 Caucasum
676 2218 742 2256 vel
761 2231 868 2269 quae
888 2218 977 2257 loca
996 2217 1208 2256 fabulosus

527 2281 693 2320 Lambit
715 2281 947 2333 Hydaspes,
