1679 2583
588 167 701 195 ODES
731 167 793 195 111.
828 164 888 205 15.

697 277 782 316 XV.

586 360 821 411 (Asclepiad
839 361 893 412 3.)

296 451 413 491 Uxor
431 453 625 504 pauperis
646 453 777 504 Ibyci,

348 516 536 555 Tandem
556 517 767 567 nequitiae
788 518 865 568 fige
885 518 1056 556 modum
1080 522 1177 557 tuae

296 578 566 630 Famosisque
585 579 797 619 laboribus
819 592 826 619 :

349 641 514 681 Maturo
534 643 702 693 propior
722 643 861 682 desine
882 643 1016 682 funeri

296 729 411 768 Inter
429 730 570 768 ludere
590 730 780 781 virgines,

348 792 404 831 Et
424 793 552 831 stellis
572 793 768 832 nebulam
788 806 979 844 spargere
999 793 1198 832 candidis.

293 855 400 900 Non,
422 856 456 894 si
476 856 578 906 quid
599 856 794 901 Pholoen,
816 857 918 895 satis

346 918 403 957 Et
424 923 477 964 te,
500 919 648 964 Chlori,
672 919 790 959 decet
813 932 820 958 :
853 919 937 958 filia
956 920 1108 958 rectius

292 1006 520 1057 Expugnat
540 1007 741 1045 iuvenum
761 1007 918 1052 domos,

346 1069 470 1108 Pulso
490 1069 646 1120 Thyias
665 1070 729 1108 uti
748 1071 912 1108 concita
932 1074 1149 1120 tympano.

293 1132 414 1170 Illam
435 1133 545 1183 cogit
565 1145 683 1171 amor
701 1132 832 1171 Nothi

345 1194 544 1233 Lascivae
564 1195 741 1233 similem
762 1195 901 1234 ludere
921 1208 1093 1246 capreae
1112 1207 1119 1240 ;

291 1281 348 1321 Te
367 1283 487 1321 lanae
505 1295 637 1334 prope
657 1283 839 1322 nobilem

342 1345 503 1385 Tonsae
524 1346 753 1392 Luceriam,
775 1359 860 1384 non
880 1345 1064 1384 citharae
1084 1346 1232 1384 decent

289 1408 375 1447 Nec
394 1409 470 1448 fios
489 1422 721 1460 purpureus
740 1422 857 1448 rosae

343 1472 429 1510 Nec
448 1472 538 1522 poti
559 1473 746 1511 vetulam
767 1473 880 1511 faece
901 1477 1022 1511 tenus
1042 1472 1147 1510 cadi.

677 1635 784 1675 XVI.

577 1712 627 1762 (A
635 1712 812 1763 sclepz’ad
830 1712 885 1762 4.)

291 1797 499 1836 Inclusam
520 1797 695 1836 Danaen
716 1798 841 1836 turris
861 1797 1020 1836 ahenea

289 1859 586 1911 Robustaeque
607 1860 714 1899 fores
735 1864 776 1898 et
797 1860 971 1910 vigilum
991 1872 1142 1898 canum

288 1922 443 1962 Tristes
464 1922 664 1961 excubiae
684 1923 922 1961 munierant
942 1923 1044 1961 satis

341 1986 568 2025 Nocturnis
587 1986 640 2024 ab
661 1986 872 2031 adulteris,

288 2073 331 2112 Si
349 2086 434 2111 non
453 2074 659 2113 Acrisium
679 2074 849 2125 virginis
869 2073 1039 2113 abditae

289 2135 514 2175 Custodem
534 2137 737 2187 pavidum
759 2136 949 2187 Iuppiter
968 2141 1009 2175 et
1029 2136 1170 2175 Venus

290 2199 464 2238 Risisset
487 2211 494 2238 :
526 2199 612 2238 fore
633 2199 743 2237 enim
764 2203 906 2238 tutum
926 2199 1004 2238 iter
1023 2204 1065 2238 et
1085 2203 1234 2250 patens

343 2261 551 2301 Converso
570 2262 612 2301 in
632 2262 814 2313 pretium
834 2262 924 2301 deo.

1344 167 1394 207 93

1339 1081 1387 1107 10

1338 1418 1384 1457 15
