1679 2583
658 158 771 188 oDEs
800 160 857 189 1v.
891 160 952 199 14.
1389 163 1463 202 129

366 259 481 298 Felix
501 263 595 310 post
616 258 822 305 Cinaram,
843 264 1028 311 notaque
1049 263 1091 298 et
1111 260 1267 298 artium

366 323 590 362 Gratarum
610 321 767 361 facies?
828 322 909 363 Sed
928 322 1101 361 Cinarae
1122 322 1269 362 breves

417 386 562 425 Annos
581 386 671 424 fata
691 386 911 432 dederunt,

471 449 698 488 Servatura
719 449 791 488 diu
811 462 955 500 parem

364 525 546 565 Cornicis
565 525 732 564 vetulae
753 525 1012 576 temporibus
1033 525 1186 577 Lycen,
1413 538 1460 577 25

365 589 540 628 Possent
560 593 607 627 ut
627 588 799 628 iuvenes
819 589 950 628 visere
971 589 1121 629 fervidi

417 652 551 690 Multo
570 664 655 690 non
675 651 763 690 sine
783 651 868 690 risu

470 715 687 766 Dilapsam
706 714 749 753 in
769 714 925 753 cineres
945 714 1093 756 facem.

753 852 862 891 XIV.

714 927 900 978 (Alcaic.)

365 1005 480 1056 Quae
500 1017 599 1043 cura
618 1008 787 1055 patrum
808 1016 968 1055 quaeve
988 1003 1213 1054 Quiritium

366 1069 502 1108 Plenis
520 1069 727 1107 honorum
747 1067 988 1106 muneribus
1009 1072 1116 1113 tuas,

415 1131 617 1182 Auguste,
639 1130 819 1169 virtutes
838 1130 881 1168 in
902 1143 1053 1169 aevum

471 1192 548 1229 Per
567 1190 714 1229 titulos
733 1203 1018 1241 memoresque
1038 1189 1170 1229 fastos

363 1268 576 1313 Aeternet,
599 1280 623 1305 o
643 1279 727 1318 qua
746 1266 809 1305 sol
826 1266 1078 1306 habitabiles
1436 1277 1458 1317 5

364 1331 568 1370 Inlustrat
588 1343 693 1376 oras,
715 1328 897 1370 maxime
917 1329 1185 1380 principum?

415 1394 550 1445 Quem
568 1393 668 1443 legis
688 1396 879 1443 expertes
900 1392 1076 1431 Latinae

468 1455 673 1497 Vindelici
692 1455 871 1495 didicere
891 1468 1036 1506 nuper,

364 1538 475 1589 Quid
494 1543 628 1576 marte
648 1550 801 1589 posses.
859 1537 990 1576 Milite
1010 1550 1109 1576 nam
1130 1542 1204 1577 tuo

364 1602 525 1640 Drusus
545 1600 780 1646 Genaunos,
802 1600 1059 1651 inplacidum
1078 1613 1220 1651 genus,
1413 1613 1461 1640 10

417 1664 689 1714 Breunosque
709 1663 870 1702 veloces
891 1668 933 1702 et
953 1676 1066 1702 arces

470 1725 646 1777 Alpibus
665 1726 869 1777 inpositas
890 1727 1116 1766 tremendis

364 1808 526 1847 Deiecit
547 1820 639 1846 acer
659 1807 751 1858 plus
771 1807 860 1846 vice
881 1807 1058 1858 simplici
1076 1819 1085 1854 ;

365 1871 497 1910 Maior
515 1870 731 1909 Neronum
750 1883 849 1909 mox
868 1883 994 1921 grave
1014 1870 1217 1922 proelium

418 1933 620 1973 Conmisit
640 1933 910 1984 inmanesque
932 1933 1089 1972 Raetos
1413 1943 1459 1983 15

471 1995 677 2046 Auspiciis
697 1995 858 2046 pepulit
877 1995 1081 2041 secundis,

367 2076 627 2128 Spectandus
646 2076 689 2114 in
709 2076 936 2115 certamine
956 2076 1120 2123 Martio,

366 2140 534 2179 Devota
553 2139 679 2178 morti
698 2143 868 2190 pectora
886 2139 1039 2178 liberae

420 2201 599 2254 Quantis
618 2201 815 2252 fatigaret
833 2201 975 2248 ruinis,

475 2265 712 2304 Indomitus
730 2277 859 2316 prope
879 2265 1013 2318 qualis
1032 2265 1167 2304 undas
1411 2276 1463 2305 20

261 2341 364 2372 HOR.
378 2342 486 2372 1.-1V.
1333 2341 1357 2383 9
