1710 2604
794 165 966 199 HORACE

439 283 619 322 Curatve
641 287 780 333 myrto
798 282 812 320 Ρ
872 281 1005 333 Quem
1026 282 1166 321 Venus
1186 281 1388 320 arbitrum

439 347 560 386 Dicet
579 346 752 385 bibendi
769 345 783 384 ?
842 345 937 384 Non
957 358 1032 396 ego
1052 345 1193 384 sanius

491 409 736 449 Bacchabor
757 409 914 448 Edonis
937 441 943 448 .
975 413 1141 460 recepto

546 473 675 512 Dulce
696 473 799 512 mihi
819 473 993 512 furerest
1014 472 1159 511 amico.
1187 522 1189 524 ‚

823 594 933 633 VIII.

746 671 940 723 <sapwic
963 671 1013 721 1.)

435 761 531 800 Ulla
551 761 584 800 si
604 760 704 800 iuris
724 759 802 799 tibi
821 759 993 811 peierati

437 825 589 871 Poena,
612 824 776 870 Barine,
798 823 1006 863 nocuisset
1028 837 1243 875 umquam,

436 889 573 927 Dente
594 887 627 926 si
647 888 764 938 nigro
784 887 900 926 fieres
920 887 987 925 vel
1006 899 1089 926 uno

488 950 666 1001 Turpior
686 951 826 1001 ungui,

435 1028 664 1068 Crederem.
724 1027 805 1067 Sed
825 1032 873 1067 tu
893 1029 1016 1067 simul
1035 1027 1228 1079 obligasti

436 1091 646 1130 Perfidum
666 1091 778 1130 votis
797 1096 939 1143 caput,
962 1091 1153 1130 enitescis

437 1155 650 1194 Pulchrior
670 1155 804 1193 multo
825 1155 1110 1205 iuvenumque
1129 1154 1269 1205 prodis

490 1218 661 1257 Publica
682 1231 792 1257 cura.

435 1295 620 1347 Expedit
641 1295 787 1334 matris
808 1295 964 1334 cineres
983 1300 1150 1346 opertos

437 1359 593 1398 Fallere
613 1363 655 1397 et
677 1363 768 1397 toto
790 1358 1000 1397 taciturna
1020 1358 1155 1397 noctis

437 1423 561 1473 Signa
581 1435 676 1461 cum
697 1422 810 1461 caelo
829 1422 1048 1473 gelidaque
1069 1421 1189 1460 divos

490 1487 623 1525 Morte
644 1490 843 1524 carentes.

438 1564 563 1603 Ridet
584 1563 674 1610 hoc,
697 1563 883 1615 inquam,
906 1563 1046 1601 Venus
1066 1562 1168 1614 ipsa,
1190 1562 1327 1601 rident

438 1627 651 1678 Simplices
670 1627 894 1678 Nymphae
914 1626 1025 1665 ferus
1045 1630 1086 1665 et
1107 1625 1281 1677 Cupido,

441 1691 610 1742 Semper
631 1691 825 1729 ardentes
845 1702 998 1729 acuens
1018 1689 1194 1740 sagittas

490 1755 591 1794 Cote
612 1759 796 1793 cruenta.

437 1833 556 1872 Adde
577 1832 690 1883 quod
712 1831 844 1883 pubes
865 1831 943 1870 tibi
963 1830 1108 1869 crescit
1128 1829 1274 1876 omnis,

437 1896 625 1935 Servitus
645 1895 790 1934 crescit
812 1907 935 1939 nova,
959 1906 1033 1932 nec
1054 1894 1209 1945 priores

439 1959 583 2011 Inpiae
605 1963 765 1998 tectum
786 1958 979 1997 dominae
1001 1957 1254 2008 relinquunt,

492 2023 622 2074 Saepe
643 2021 802 2061 minati.

437 2101 494 2139 Te
515 2101 598 2139 suis
618 2105 773 2139 matres
793 2104 989 2138 metuunt
1011 2098 1209 2143 iuvencis,

438 2165 495 2203 Te
515 2177 632 2203 senes
653 2163 765 2215 parci
786 2163 1055 2213 miseraeque,
1078 2174 1210 2212 nuper

440 2227 638 2278 Virgines,
660 2231 832 2277 nuptae,
856 2230 930 2264 tua
950 2238 1001 2263 ne
1023 2225 1205 2263 retardet

492 2292 605 2330 Aura
626 2290 810 2329 maritos.

1488 1369 1536 1396 10

1489 1699 1536 1738 15

1487 2031 1538 2059 20
