1710 2604
242 172 294 211 66

812 182 988 211 HORACE

456 292 542 330 Nec
563 291 786 329 fortuitum
807 303 1000 341 spernere
1021 292 1248 342 caespitem

455 355 582 405 Leges
602 354 811 400 sinebant,
833 354 990 405 oppida
1011 354 1179 405 publico

508 417 690 468 Sumptu
710 417 904 456 iubentes
924 421 966 456 et
986 418 1161 456 deorum

561 480 736 531 Templa
758 493 867 519 novo
887 480 1083 520 decorare
1103 493 1219 520 saXO.

846 613 952 652 XVI.

759 690 956 741 (Sapphic
989 692 1039 740 1.)

452 767 599 806 Otium
619 767 739 806 divos
759 772 880 818 rogat
901 767 943 806 in
964 767 1130 819 patenti

455 831 633 869 Prensus
651 831 828 882 Aegaeo,
851 831 974 869 simul
994 836 1087 870 atra
1106 831 1239 870 nubes

453 893 650 933 Condidit
670 894 815 932 lunam
837 906 972 945 neque
995 899 1109 933 certa
1129 894 1292 945 fulgent

507 957 651 996 Sidera
670 957 814 996 nautis
833 969 841 1004 ;

452 1034 600 1074 Otium
620 1034 728 1074 bello
749 1034 905 1073 furiosa
926 1034 1099 1080 Thrace,

452 1098 599 1137 Otium
620 1098 731 1137 Medi
752 1098 951 1149 pharetra
972 1098 1122 1143 decori,

453 1161 654 1213 Grosphe,
677 1174 762 1200 non
782 1162 957 1213 gemmis
978 1174 1113 1213 neque
1134 1175 1319 1213 purpura
1340 1174 1409 1200 ve-

506 1226 599 1264 nale
619 1237 695 1264 nec
716 1238 830 1264 auro.

452 1302 548 1341 Non
569 1302 680 1341 enim
700 1315 827 1353 gazae
847 1315 983 1353 neque
1004 1302 1233 1341 consularis

454 1365 687 1404 Submovet
708 1365 829 1404 lictor
849 1365 1021 1404 miseros
1042 1365 1252 1404 tumultus

453 1429 607 1468 Mentis
627 1434 669 1468 et
690 1442 811 1468 curas
831 1430 1030 1480 laqueata
1050 1428 1207 1468 circum

505 1492 636 1532 Tecta
656 1493 862 1532 volantes,

453 1569 622 1608 Vivitur
642 1582 774 1620 parvo
796 1569 913 1615 bene,
937 1569 1003 1608 cui
1024 1574 1250 1619 paternum

454 1632 653 1684 Splendet
674 1632 716 1670 in
737 1645 882 1671 mensa
904 1632 1021 1671 tenui
1041 1632 1235 1678 salinum,

453 1696 540 1735 Nec
560 1697 672 1734 leves
692 1708 861 1735 somnos
882 1695 1008 1735 timor
1028 1700 1103 1734 aut
1124 1695 1277 1747 cupido

508 1759 709 1798 Sordidus
729 1759 881 1798 aufert.

454 1836 566 1887 Quid
585 1836 703 1875 brevi
725 1836 854 1875 fortes
874 1836 1106 1875 iaculamur
1127 1848 1232 1874 aevo

454 1900 589 1938 Multa
606 1899 620 1938 ?
681 1899 793 1951 Quid
814 1905 946 1938 terras
967 1899 1048 1938 alio
1069 1900 1253 1938 calentes

454 1963 546 2002 Sole
567 1968 783 2003 mutamus
800 1963 815 2002 ?
877 1963 1044 2002 Patriae
1065 1962 1159 2014 quis
1179 1963 1298 2001 exsul

509 2027 559 2066 Se
580 2039 747 2079 quoque
769 2027 876 2077 fugit
895 2026 909 2065 ?

455 2104 628 2143 Scandit
649 2109 815 2143 aeratas
836 2103 990 2143 vitiosa
1011 2116 1140 2142 naves

458 2168 566 2207 Cura
586 2180 662 2207 nec
683 2172 846 2206 turmas
866 2167 1059 2219 equitum
1080 2165 1293 2218 relinquit,

455 2231 579 2271 Ocior
600 2231 733 2270 cervis
753 2236 795 2270 et
817 2235 967 2282 agente
988 2230 1156 2269 nimbos

508 2295 632 2334 Ocior
652 2295 778 2333 Euro.

1510 493 1561 521 20

1514 1376 1563 1403 10

1515 1705 1561 1744 15

1512 2037 1563 2065 20
