1679 2583
577 189 689 222 oDEs
719 188 782 222 111.
816 194 877 232 13.
1332 191 1380 232 91

232 293 325 331 Tibi
345 293 518 344 qualum
538 292 767 343 Cythereae
787 305 890 343 puer
910 293 1005 337 ales,
1029 292 1106 330 tibi
1126 292 1230 330 telas

234 356 524 407 Operosaeque
541 356 751 394 Minervae
767 356 955 394 studium
971 355 1120 400 aufert,
1138 354 1337 399 Neobule,
1360 362 1382 402 5

287 418 476 469 Liparaei
496 419 607 457 nitor
627 418 769 464 Hebri,

235 510 366 548 Simul
386 515 534 549 unctos
554 510 757 549 Tiberinis
777 523 941 549 umeros
959 510 1065 549 lavit
1084 510 1127 548 in
1146 509 1282 554 undis,

235 574 375 624 Eques
394 574 484 624 ipso
504 574 649 612 melior
669 573 1002 624 Bellerophonte,
1023 585 1158 624 neque
1177 584 1317 623 pugno

289 635 434 687 Neque
455 637 568 687 segni
588 637 693 687 pede
714 637 863 682 victus,

236 727 364 767 Catus
384 729 494 768 idem
515 742 587 779 per
607 733 800 779 apertum
821 729 1027 779 fugientes
1047 728 1208 778 agitato
1340 738 1386 765 10

237 790 367 841 Grege
388 803 530 829 cervos
549 791 721 830 iaculari
741 797 782 830 et
803 792 908 830 celer
928 796 1020 829 arto
1040 790 1280 829 latitantem

291 853 323 891 F
325 854 503 893 ruticeto
524 855 713 905 excipere
733 867 894 905 aprum.

676 1073 789 1112 XIII.

580 1160 630 1211 (A
639 1161 816 1211 sclepiad
834 1160 888 1210 5.)

292 1255 328 1294 O
348 1255 440 1294 fons
460 1255 709 1301 Bandusiae,
733 1257 986 1307 splendidior
1006 1256 1130 1302 vitro,

293 1319 415 1357 Dulci
434 1319 556 1369 digne
576 1332 689 1358 mero
709 1332 792 1357 non
812 1319 899 1357 sine
920 1318 1102 1364 floribus,

327 1373 444 1421 ¹Cras
464 1383 684 1421 donaberis
704 1383 852 1428 haedo,

399 1445 474 1484 Cui
493 1445 607 1484 frons
628 1446 795 1496 turgida
815 1445 1008 1484 cornibus

296 1537 443 1576 Primis
463 1543 505 1576 et
524 1550 718 1576 venerem
738 1543 780 1577 et
800 1538 956 1588 proelia
976 1537 1174 1576 destinat.
1368 1544 1390 1584 5

295 1599 467 1638 Frustra
489 1612 496 1639 ε
528 1613 626 1638 nam
646 1601 802 1651 gelidos
821 1601 976 1639 inficiet
998 1600 1075 1638 tibi

349 1663 494 1701 Rubro
513 1664 714 1714 sanguine
734 1664 845 1702 rivos

403 1726 566 1764 Lascivi
585 1726 750 1765 suboles
770 1727 914 1777 gregis.

295 1818 353 1857 Te
374 1819 590 1869 flagrantis
610 1825 733 1858 atrox
752 1819 855 1858 hora
876 1819 1096 1857 Caniculae

296 1881 438 1920 Nescit
459 1886 640 1932 tangere,
663 1887 711 1921 tu
731 1882 859 1932 frigus
880 1881 1059 1920 amabile
1346 1891 1395 1918 10

350 1944 383 1982 F
385 1945 484 1984 essis
504 1958 671 1983 vomere
692 1946 823 1984 tauris

404 2007 581 2046 Praebes
601 2013 642 2046 et
663 2008 801 2058 pecori
821 2020 941 2058 vago.

299 2100 389 2138 Fies
409 2100 611 2138 nobilium
633 2105 680 2139 tu
700 2113 867 2152 quoque
888 2100 1083 2145 fontium,

298 2162 363 2200 Me
383 2162 547 2201 dicente
568 2163 682 2201 cavis
701 2163 928 2214 inpositam
948 2163 1082 2200 ilicem

351 2225 482 2270 Saxis,
504 2226 615 2264 unde
635 2227 830 2277 loquaces
1347 2232 1392 2270 15

405 2289 623 2339 Lymphae
644 2289 840 2328 desiliunt
861 2293 971 2328 tuae.
