1710 2604
827 185 1002 214 HORACE

841 300 990 340 xvrn.

803 385 1028 437 (Sapphsic.)

472 476 626 520 Faune,
649 473 946 524 Nympharum
967 473 1203 525 fugientum
1226 478 1402 520 amator,

473 539 550 577 Per
569 550 684 576 meos
704 537 807 576 fines
827 541 868 575 et
889 536 1030 588 aprica
1050 550 1147 575 rura

471 601 593 640 Lenis
613 600 781 639 incedas
801 599 1012 651 abeasque
1032 600 1174 651 parvis

524 665 696 715 Aequus
716 663 908 708 alumnis,

471 753 513 792 Si
535 757 651 791 tener
671 752 794 803 pleno
815 751 929 791 cadit
950 750 1110 790 haedus
1129 763 1252 796 anno,

472 816 607 866 Larga
626 827 703 853 nec
722 814 876 854 desunt
897 814 1067 853 Veneris
1087 814 1219 853 sodali

472 879 581 918 Vina
601 882 799 923 craterae,
822 882 946 916 vetus
965 890 1037 916 ara
1058 878 1192 916 multo

527 942 681 980 Fumat
702 941 841 980 odore.

474 1029 602 1069 Ludit
621 1028 799 1068 herboso
819 1041 946 1080 pecus
965 1040 1088 1067 omne
1109 1040 1271 1079 campo,

474 1093 578 1132 Cum
600 1092 676 1131 tibi
698 1092 844 1130 Nonae
864 1092 1041 1131 redeunt
1062 1091 1313 1130 Decembres
1331 1103 1340 1138 ;

475 1156 623 1196 Festus
643 1156 685 1194 in
706 1155 838 1207 pratis
858 1159 983 1194 vacat
1004 1154 1140 1194 otioso

528 1219 632 1259 Cum
653 1219 761 1257 bove
781 1231 913 1270 pagus
933 1230 940 1264 ;

476 1309 592 1347 Inter
611 1307 791 1346 audaces
810 1307 934 1358 lupus
954 1310 1065 1345 errat
1085 1318 1215 1357 agnos
1233 1317 1242 1352 ;

475 1371 642 1422 Spargit
662 1374 845 1421 agrestes
866 1369 943 1408 tibi
963 1369 1069 1408 silva
1089 1369 1258 1408 frondes
1276 1381 1285 1416 ;

475 1434 642 1473 Gaudet
662 1433 843 1472 invisam
863 1433 1070 1484 pepulisse
1090 1432 1223 1472 fossor

527 1497 606 1536 Ter
626 1497 731 1548 pede
752 1501 920 1535 terram.

862 1657 973 1696 XIX.

766 1742 816 1793 (A
825 1742 1003 1794 sclepiad
1021 1741 1075 1792 3.)

476 1832 694 1884 Quantum
715 1832 844 1871 distet
865 1830 919 1870 ab
941 1830 1099 1870 Inacho

530 1896 690 1935 Codrus
710 1908 785 1946 pro
805 1895 944 1946 patria
963 1907 1047 1933 non
1069 1894 1242 1934 timidus
1262 1895 1364 1934 mori

477 1959 633 1998 Narras
653 1963 695 1997 et
715 1971 845 2009 genus
865 1957 992 1997 Aeaci

531 2022 588 2061 Et
610 2026 798 2073 pugnata
818 2033 936 2060 sacro
955 2020 1064 2060 bella
1083 2020 1162 2060 sub
1184 2021 1261 2060 Ilio
1281 2032 1289 2067 ;

479 2110 572 2162 Quo
593 2110 743 2149 Chium
763 2110 898 2161 pretio
918 2110 1071 2149 cadum

534 2173 776 2219 Mercemur,
799 2173 893 2224 quis
913 2186 1068 2224 aquarn
1091 2177 1295 2224 temperet
1315 2172 1493 2224 ignibus,

481 2236 574 2287 Quo
594 2236 822 2288 praebente
843 2236 1016 2275 domum
1037 2242 1078 2276 et
1099 2242 1232 2287 quota

536 2300 741 2352 Paelignis
761 2313 925 2340 caream
948 2300 1180 2352 frigoribuS‚
1205 2306 1331 2342 taces.

1530 1104 1578 1132 10

1558 2118 1582 2160 5
