1710 2604
191 185 266 224 126

762 194 938 223 HORACE

813 293 887 334 XI.

736 371 965 424 (Sapphic.)

403 451 481 490 Est
501 449 605 489 mihi
624 462 784 489 nonum
804 450 1043 502 superantis
1064 464 1206 490 annun

404 516 557 554 Plenus
577 514 732 554 Albani
752 505 882 554 cadus
901 527 909 561 ;
941 519 1004 555 est
1024 515 1067 554 in
1087 515 1225 562 horto,

404 579 555 630 Phylli,
577 578 795 618 nectendis
815 578 960 630 apium
980 579 1144 619 coronis
1162 591 1171 626 ;

456 643 535 682 Est
555 642 734 683 hederae
754 642 819 682 vis

402 731 550 778 Multa,
574 743 659 782 qua
679 730 812 770 crines
831 730 1009 782 religata
1028 730 1161 782 fulges
1181 743 1190 778 ς

404 795 532 835 Ridet
553 798 728 846 argento
749 794 900 834 domus
919 806 927 840 ;
959 807 1033 833 ara
1052 794 1179 834 castis

402 859 557 898 Vincta
577 857 771 897 verbenis
792 861 891 897 avet
911 857 1118 897 inmolato

457 921 652 974 Spargier
671 933 781 972 agno
801 933 809 967 ;

403 1012 567 1051 Cuncta
586 1010 762 1050 festinat
783 1023 946 1056 manus,
968 1010 1051 1049 huc
1071 1015 1114 1050 et
1134 1011 1231 1050 illuc

403 1075 619 1115 Cursitant
640 1074 799 1114 mixtae
819 1074 958 1126 pueris
978 1075 1140 1126 puellae
1161 1087 1169 1121 ;

404 1138 630 1179 Sordidum
650 1138 846 1177 flammae
866 1138 1084 1189 trepidant
1104 1143 1294 1178 rotantes

457 1202 624 1241 Vertice
644 1201 822 1241 fumum.

404 1291 465 1331 Ut
486 1294 630 1330 tamen
648 1289 763 1330 noris
783 1289 937 1342 quibus
958 1290 1174 1331 advoceris

406 1353 593 1400 Gaudiis,
617 1353 718 1394 Idus
740 1352 818 1393 tibi
837 1357 937 1393 sunt
958 1354 1158 1405 agendae,

406 1418 487 1470 Qui
507 1418 595 1458 dies
615 1430 803 1457 mensem
822 1417 995 1457 Veneris
1015 1418 1201 1457 marinae

461 1481 494 1520 F
496 1481 606 1520 indit
625 1480 826 1532 Aprilem,

407 1571 503 1610 Iure
522 1569 735 1609 sollemnis
755 1569 858 1608 mihi
877 1569 1145 1622 sanctiorque

409 1634 545 1673 Paene
565 1633 699 1672 natali
719 1633 900 1684 proprio,
923 1633 1037 1685 quod
1057 1646 1110 1672 ex
1129 1633 1209 1673 hae

407 1698 518 1737 Luce
539 1697 759 1736 Maecenas
779 1709 897 1736 meus
916 1697 1152 1737 adfluentes

461 1760 642 1801 Ordinat
663 1773 807 1800 annos.

407 1849 652 1901 Telephum,
675 1862 802 1901 quem
823 1853 871 1889 tu
890 1848 1012 1901 petis,
1034 1848 1260 1901 occupavit

408 1913 504 1952 Non
526 1918 624 1952 tuae
644 1913 769 1952 sortis
788 1912 984 1952 iuvenem
1004 1913 1144 1964 puella

409 1977 539 2016 Dives
558 1981 600 2015 et
621 1976 779 2015 lasciva
799 1980 1000 2028 tenetque
1019 1980 1141 2028 grata

463 2040 674 2091 Compede
694 2040 899 2079 vinctum.

409 2128 553 2168 Terret
575 2127 797 2167 ambustus
819 2128 1038 2168 Phaethon
1060 2141 1210 2167 avaras

410 2191 525 2243 Spes,
547 2195 590 2230 et
610 2191 851 2242 exemplum
870 2203 997 2243 grave
1018 2191 1191 2243 praebet
1213 2191 1297 2230 ales

411 2255 594 2306 Pegasus
614 2259 825 2294 terrenum
847 2255 1034 2308 equitem
1053 2259 1255 2307 gravatus

464 2317 832 2370 Bellerophonten,

1467 1087 1516 1114 10

1465 1772 1516 1800 20
