1710 2604
238 164 313 203 104

807 164 983 193 HORACE

451 265 639 316 Rumpat
660 268 702 304 et
721 277 890 315 serpens
910 265 989 303 iter
1008 264 1266 312 institutum,

448 328 490 366 Si
510 341 583 379 per
603 327 821 378 obliquum
841 327 986 367 similis
1005 328 1186 380 sagittae

447 390 611 429 Terruit
633 402 809 429 mannos
832 402 838 429 :
871 403 946 442 ego
967 391 1032 429 cui
1054 391 1225 438 timebo,

502 453 707 492 Providus
728 466 900 504 auspex,

446 569 688 620 Antequam
709 573 871 608 stantes
890 573 1055 620 repetat
1076 569 1252 620 paludes

446 631 650 670 Imbrium
671 631 816 670 divina
837 632 926 671 avis
947 632 1242 678 inminentum,

445 695 639 734 Oscinem
659 708 834 734 corvum
854 707 975 746 prece
994 695 1208 735 suscitabo

498 758 603 797 Solis
623 757 678 797 ab
698 763 806 797 ortu.

443 874 506 913 Sis
526 874 622 912 licet
644 873 755 919 felix,
778 873 1033 925 ubicumque
1055 874 1202 920 mavis,

443 937 499 976 Et
520 949 680 975 memor
699 937 845 982 nostri,
868 936 1057 982 Galatea,
1080 937 1201 976 vivas
1221 948 1230 984 ;

441 1000 583 1051 Teque
604 1012 679 1038 nec
699 1000 843 1038 laevus
864 1004 980 1039 vetet
1001 1000 1058 1039 ire
1079 1001 1196 1051 picus

498 1063 586 1102 Nec
608 1076 717 1113 vaga
737 1063 893 1102 cornix.

441 1179 522 1218 Sed
542 1179 672 1224 vides,
696 1183 858 1230 quanto
879 1179 1061 1230 trepidet
1083 1180 1270 1218 tumultu

443 1242 603 1281 Pronus
625 1241 765 1280 Orion.
824 1242 914 1292 Ego
935 1242 1037 1293 quid
1057 1242 1110 1281 sit
1132 1246 1222 1280 ater

442 1305 626 1343 Hadriae
647 1305 746 1343 novi
766 1305 881 1344 sinus
901 1309 942 1343 et
964 1305 1065 1356 quid
1087 1305 1207 1344 albus

496 1368 643 1406 Peccet
666 1368 814 1418 Iapyx,

442 1483 641 1522 Hostium
662 1495 812 1521 uxores
833 1483 1033 1534 puerique
1054 1496 1198 1523 caecos

440 1547 634 1586 Sentiant
655 1550 796 1585 motus
817 1546 988 1585 orientis
1008 1546 1152 1585 Austri
1172 1550 1214 1586 et

440 1609 645 1660 Aequoris
664 1609 770 1659 nigri
791 1609 1006 1648 fremitum
1027 1615 1068 1648 et
1091 1613 1318 1650 trementes

493 1672 673 1711 Verbere
693 1672 817 1723 ripas.

441 1788 507 1828 Sic
527 1793 568 1827 et
590 1788 757 1839 Europe
778 1788 949 1827 niveum
970 1788 1115 1828 doloso

439 1851 623 1890 Credidit
646 1856 768 1890 tauro
789 1852 912 1897 latus,
935 1855 977 1891 et
998 1856 1232 1891 scatentem

438 1914 579 1954 Beluis
600 1919 780 1966 pontum
801 1915 1044 1966 mediasque
1064 1915 1233 1955 fraudes

492 1977 646 2016 Palluit
667 1977 809 2016 audax
832 1989 839 2016 :

436 2088 581 2138 Nuper
601 2087 643 2125 in
664 2087 796 2138 pratis
816 2087 1006 2126 studiosa
1027 2088 1176 2127 florum
1197 2092 1239 2127 et

437 2138 616 2189 Debitae
636 2150 847 2201 Nymphis
868 2150 1009 2201 opifex
1029 2162 1218 2197 coronae,

437 2214 570 2252 Nocte
592 2213 792 2252 sublustri
812 2213 914 2252 nihil
936 2217 1049 2253 astra
1070 2219 1236 2264 praeter

489 2276 605 2314 Vidit
626 2280 668 2314 et
689 2276 836 2315 undas

1504 644 1552 672 10

1501 1010 1548 1050 15

1496 1380 1548 1408 20

1494 1800 1543 1839 25

1492 2163 1544 2202 30
