1710 2604
244 202 295 242 44

808 198 979 227 HORACE

835 309 965 349 xxx.

761 392 955 443 (Sapplu'c
988 392 1038 443 1.)

454 497 490 536 O
512 496 664 542 Venus,
687 495 827 546 regina
847 494 967 534 Cnidi
990 495 1219 548 Paphique,

455 559 610 611 Sperne
630 558 826 597 dilectam
847 558 1014 609 Cypron
1035 563 1077 597 et
1097 560 1290 599 vocantis

455 625 564 664 Ture
584 629 626 664 te
646 624 781 663 multo
801 624 1000 675 Glycerae
1021 625 1215 664 decoram

563 688 758 727 Transfer
776 687 819 726 in
840 688 997 727 aedem.

453 767 485 806 F
487 766 655 806 ervidus
677 771 814 805 tecum
834 778 937 818 puer
957 770 998 805 et
1018 767 1164 805 solutis
1529 779 1552 819 5

455 830 624 870 Gratiae
644 830 758 869 zonis
778 834 1084 881 properentque
1105 829 1328 881 Nymphae

453 897 510 935 Et
531 909 679 947 parurn
699 896 828 935 comis
847 896 935 935 sine
957 900 998 935 te
1020 896 1224 935 Iuventas

562 959 882 1011 Mercuriusque.

822 1137 972 1176 XXXI.

805 1230 853 1281 (A
864 1229 991 1279 lcaic.)

504 1321 615 1372 Quid
639 1320 879 1360 dedicatum
900 1319 1034 1371 poscit
1055 1320 1290 1371 Apollinem

507 1386 635 1425 Vates
654 1385 668 1423 ?
729 1384 839 1435 Quid
859 1387 964 1429 orat,
986 1383 1037 1422 de
1059 1388 1204 1434 patera
1223 1396 1382 1423 novum

562 1448 757 1487 Fundens
778 1447 980 1498 liquorem
999 1446 1013 1485 ?
1073 1446 1167 1485 Non
1187 1447 1349 1498 opimas

617 1511 830 1550 Sardiniae
850 1515 1008 1561 segetes
1028 1509 1186 1556 feracis,

506 1589 601 1629 Non
624 1593 839 1629 aestuosae
859 1593 978 1639 grata
997 1587 1210 1627 Calabriae
1531 1601 1553 1639 5

509 1653 725 1699 Armenta,
747 1664 831 1691 non
852 1664 999 1691 aurum
1020 1656 1094 1690 aut
1114 1651 1216 1690 ebur
1238 1651 1443 1699 Indicum,

561 1717 657 1755 Non
676 1729 784 1761 rura,
807 1728 914 1767 quae
935 1715 1039 1754 Liris
1059 1715 1203 1766 quieta

616 1779 778 1818 Mordet
799 1791 909 1829 aqua
930 1778 1164 1817 taciturnus
1186 1778 1332 1818 amnis.

511 1858 706 1896 Premant
726 1855 879 1895 Calena
899 1856 1002 1895 falce
1022 1856 1174 1908 quibus
1194 1855 1310 1894 dedit

506 1920 692 1960 Fortuna
711 1919 854 1965 vitem,
876 1919 992 1959 dives
1012 1924 1059 1958 ut
1080 1918 1214 1958 aureis
1498 1932 1546 1961 10

559 1984 765 2023 Mercator
785 1983 963 2022 exsiccet
984 1982 1130 2022 culillis

613 2047 721 2085 Vina
741 2046 845 2098 Syra
865 2050 1059 2098 reparata
1078 2058 1225 2093 merce,

506 2124 580 2164 Dis
600 2136 719 2163 carus
738 2123 850 2175 ipsis,
872 2123 1027 2174 quippe
1047 2127 1110 2162 ter
1129 2127 1171 2162 et
1192 2127 1342 2174 quater

507 2188 628 2226 Anno
649 2187 831 2226 revisens
851 2199 1006 2238 aequor
1026 2186 1287 2225 Atlanticum

561 2251 735 2302 Inpune.
794 2251 859 2289 Me
879 2254 1056 2301 pascunt
1077 2249 1223 2296 olivae,
1505 2261 1552 2302 15

612 2315 677 2354 Me
697 2313 883 2353 cichorea
903 2313 1096 2366 levesque
1116 2313 1293 2353 malvae.
