1710 2604
254 193 303 231 34

821 191 993 220 HORACE

467 303 579 342 Misit
599 303 805 342 furentem
826 315 832 349 ;
863 316 973 342 nunc
993 316 1067 354 ego
1087 302 1259 342 mitibus

467 367 630 405 Mutare
650 379 804 417 quaero
825 366 972 412 tristia,
995 367 1096 406 dum
1115 366 1216 405 mihi

521 429 616 468 Fias
635 430 860 469 recantatis
880 430 1014 469 amica

573 493 817 544 Opprobriis
837 493 1106 544 animumque
1126 493 1286 532 reddas.

843 627 970 665 XVII.

800 694 849 744 (A
858 693 983 743 lcaz'c.)

521 770 651 809 Velox
671 784 892 810 amoenum
911 783 1034 822 saepe
1054 771 1301 810 Lucretilem

523 835 658 874 Mutat
680 835 842 886 Lycaeo
863 835 1031 874 Faunus
1050 839 1091 874 et
1112 834 1274 885 igneam

575 899 771 938 Defendit
791 903 995 937 aestatem
1014 898 1180 950 capellis

628 962 769 1013 Usque
789 962 890 1001 meis
910 962 1154 1013 pluviosque
1175 967 1334 1000 ventos.

524 1039 684 1091 Inpune
705 1044 846 1079 tutum
866 1053 938 1091 per
957 1052 1103 1078 nemus
1122 1039 1293 1078 arbutos

521 1102 737 1153 Quaerunt
757 1104 935 1143 latentes
954 1108 995 1142 et
1017 1103 1165 1154 thyma
1184 1102 1329 1142 deviae

574 1167 735 1206 Olentis
754 1180 903 1206 uxores
922 1167 1074 1212 mariti,

628 1230 715 1269 Nec
734 1230 886 1270 virides
906 1235 1100 1269 metuunt
1122 1229 1323 1273 colubras,

522 1307 608 1346 Nec
627 1308 837 1347 martiales
858 1308 1073 1347 Haediliae
1094 1308 1224 1358 lupos,

523 1370 761 1422 Utcumque
782 1371 904 1417 dulci,
925 1370 1122 1422 Tyndari,
1146 1370 1283 1409 fistula

574 1434 711 1474 Valles
730 1439 772 1474 et
792 1435 962 1475 Usticae
982 1435 1175 1474 cubantis

629 1499 756 1537 Levia
776 1511 1020 1550 personuere
1040 1511 1152 1538 saxa.

524 1576 576 1614 Di
596 1589 663 1615 me
684 1581 866 1622 tuentur,
889 1577 952 1616 dis
972 1577 1105 1628 pietas
1124 1589 1217 1615 mea

523 1639 578 1678 Et
600 1640 718 1679 Musa
738 1640 904 1679 cordist.
964 1639 1043 1680 Hic
1063 1639 1139 1679 tibi
1160 1639 1279 1691 copia

577 1703 766 1742 Manabit
786 1703 841 1742 ad
860 1703 1030 1755 plenum
1049 1702 1227 1754 benigno

632 1767 755 1806 Ruris
774 1767 978 1806 honorum
999 1767 1198 1818 opulenta
1218 1779 1357 1805 cornu.

525 1843 604 1883 Hic
625 1845 665 1883 in
686 1845 857 1884 reducta
877 1845 983 1883 valle
1003 1844 1223 1884 Caniculae

525 1907 687 1946 Vitabis
707 1912 858 1954 aestus,
880 1912 921 1947 et
941 1908 1022 1947 fide
1042 1908 1139 1946 Teia

578 1971 699 2010 Dices
720 1971 956 2010 laborantes
975 1970 1017 2010 in
1037 1984 1121 2010 uno

632 2034 864 2086 Penelopen
885 2035 1145 2086 vitreamque
1165 2034 1308 2073 Circen
1327 2044 1336 2080 ;

525 2112 605 2151 Hic
625 2112 856 2151 innocentis
876 2112 1023 2163 pocula
1044 2112 1179 2150 Lesbii

526 2175 660 2214 Duces
681 2175 758 2214 sub
778 2176 939 2222 umbra,
961 2189 1036 2214 nec
1057 2175 1279 2214 Semeleius

577 2238 681 2278 Cum
703 2239 835 2278 Marte
855 2239 1082 2278 confundet
1103 2238 1326 2289 Thyoneus

632 2303 802 2348 Proelia,
826 2315 898 2341 nec
920 2307 1080 2342 metues
1101 2306 1344 2354 protervum

1509 311 1557 351 25

1516 1380 1563 1407 10

1515 2043 1566 2071 20
