<?xml version="1.0" encoding="UTF-8"?>
<!DOCTYPE html PUBLIC "-//W3C//DTD XHTML 1.0 Transitional//EN"
    "http://www.w3.org/TR/xhtml1/DTD/xhtml1-transitional.dtd">
<html xmlns="http://www.w3.org/1999/xhtml" xml:lang="en" lang="en">
 <head>
  <title>
</title>
<meta http-equiv="Content-Type" content="text/html;charset=utf-8" />
  <meta name='ocr-system' content='tesseract 3.04.00' />
  <meta name='ocr-capabilities' content='ocr_page ocr_carea ocr_par ocr_line ocrx_word'/>
</head>
<body>
  <div class='ocr_page' id='page_1' title='image "./odeshor00horauoft_0106.png"; bbox 0 0 1710 2604; ppageno 0'>
   <div class='ocr_carea' id='block_1_1' title="bbox 836 172 1012 201">
    <p class='ocr_par' dir='ltr' id='par_1_1' title="bbox 836 172 1012 201">
     <span class='ocr_line' id='line_1_1' title="bbox 836 172 1012 201; baseline -0.006 0"><span class='ocrx_word' id='word_1_1' title='bbox 836 172 1012 201; x_wconf 88' lang='lat' dir='ltr'>HORACE</span> 
     </span>
    </p>
   </div>
   <div class='ocr_carea' id='block_1_2' title="bbox 478 272 1322 513">
    <p class='ocr_par' dir='ltr' id='par_1_2' title="bbox 478 272 1322 450">
     <span class='ocr_line' id='line_1_2' title="bbox 480 272 1230 323; baseline -0.003 -11"><span class='ocrx_word' id='word_1_2' title='bbox 480 273 666 318; x_wconf 82' lang='lat' dir='ltr'><strong>Interim,</strong></span> <span class='ocrx_word' id='word_1_3' title='bbox 688 273 791 313; x_wconf 88' lang='lat' dir='ltr'>dum</span> <span class='ocrx_word' id='word_1_4' title='bbox 813 277 859 311; x_wconf 92' lang='lat' dir='ltr'>tu</span> <span class='ocrx_word' id='word_1_5' title='bbox 880 273 1030 311; x_wconf 87' lang='lat' dir='ltr'>celeres</span> <span class='ocrx_word' id='word_1_6' title='bbox 1051 272 1230 323; x_wconf 78' lang='lat' dir='ltr'>sagittas</span> 
     </span>
     <span class='ocr_line' id='line_1_3' title="bbox 480 335 1322 382; baseline -0.001 -7"><span class='ocrx_word' id='word_1_7' title='bbox 480 337 652 382; x_wconf 79' lang='lat' dir='ltr'><strong>Promis,</strong></span> <span class='ocrx_word' id='word_1_8' title='bbox 673 335 776 374; x_wconf 91' lang='lat' dir='ltr'>haec</span> <span class='ocrx_word' id='word_1_9' title='bbox 796 335 944 376; x_wconf 89' lang='lat' dir='ltr'>dentes</span> <span class='ocrx_word' id='word_1_10' title='bbox 964 335 1078 374; x_wconf 84' lang='lat' dir='ltr'>acuit</span> <span class='ocrx_word' id='word_1_11' title='bbox 1100 335 1322 381; x_wconf 82' lang='lat' dir='ltr'>timendos,</span> 
     </span>
     <span class='ocr_line' id='line_1_4' title="bbox 478 399 1174 450; baseline 0 -13"><span class='ocrx_word' id='word_1_12' title='bbox 478 399 648 437; x_wconf 80' lang='lat' dir='ltr'><strong>Arbiter</strong></span> <span class='ocrx_word' id='word_1_13' title='bbox 667 411 833 449; x_wconf 83' lang='lat' dir='ltr'>pugnae</span> <span class='ocrx_word' id='word_1_14' title='bbox 853 399 1039 450; x_wconf 82' lang='lat' dir='ltr'>posuisse</span> <span class='ocrx_word' id='word_1_15' title='bbox 1059 399 1174 437; x_wconf 88' lang='lat' dir='ltr'>nudo</span> 
     </span>
    </p>

    <p class='ocr_par' dir='ltr' id='par_1_3' title="bbox 533 462 953 513">
     <span class='ocr_line' id='line_1_5' title="bbox 533 462 953 513; baseline 0 -12"><span class='ocrx_word' id='word_1_16' title='bbox 533 462 620 501; x_wconf 92' lang='lat' dir='ltr'>Sub</span> <span class='ocrx_word' id='word_1_17' title='bbox 640 462 746 513; x_wconf 88' lang='lat' dir='ltr'>pede</span> <span class='ocrx_word' id='word_1_18' title='bbox 767 462 953 513; x_wconf 90' lang='lat' dir='ltr'>palmam</span> 
     </span>
    </p>
   </div>
   <div class='ocr_carea' id='block_1_3' title="bbox 478 538 1291 779">
    <p class='ocr_par' dir='ltr' id='par_1_4' title="bbox 482 538 1147 578">
     <span class='ocr_line' id='line_1_6' title="bbox 482 538 1147 578; baseline 0 -1"><span class='ocrx_word' id='word_1_19' title='bbox 482 540 631 578; x_wconf 82' lang='lat' dir='ltr'>Fertur</span> <span class='ocrx_word' id='word_1_20' title='bbox 650 543 692 578; x_wconf 84' lang='lat' dir='ltr'>et</span> <span class='ocrx_word' id='word_1_21' title='bbox 713 538 795 577; x_wconf 91' lang='lat' dir='ltr'>leni</span> <span class='ocrx_word' id='word_1_22' title='bbox 815 551 998 578; x_wconf 90' lang='lat' dir='ltr'>recreare</span> <span class='ocrx_word' id='word_1_23' title='bbox 1018 544 1147 577; x_wconf 90' lang='lat' dir='ltr'>vento</span> 
     </span>
    </p>

    <p class='ocr_par' dir='ltr' id='par_1_5' title="bbox 479 602 1291 654">
     <span class='ocr_line' id='line_1_7' title="bbox 479 602 1291 654; baseline 0 -13"><span class='ocrx_word' id='word_1_24' title='bbox 479 603 679 654; x_wconf 83' lang='lat' dir='ltr'>Sparsum</span> <span class='ocrx_word' id='word_1_25' title='bbox 700 602 887 642; x_wconf 86' lang='lat' dir='ltr'>odoratis</span> <span class='ocrx_word' id='word_1_26' title='bbox 906 615 1098 641; x_wconf 86' lang='lat' dir='ltr'>umerum</span> <span class='ocrx_word' id='word_1_27' title='bbox 1119 602 1291 653; x_wconf 80' lang='lat' dir='ltr'>capillis,</span> 
     </span>
    </p>

    <p class='ocr_par' dir='ltr' id='par_1_6' title="bbox 478 665 1264 779">
     <span class='ocr_line' id='line_1_8' title="bbox 478 665 1264 717; baseline 0 -13"><span class='ocrx_word' id='word_1_28' title='bbox 478 665 622 717; x_wconf 75' lang='lat' dir='ltr'>Qualis</span> <span class='ocrx_word' id='word_1_29' title='bbox 642 670 717 704; x_wconf 92' lang='lat' dir='ltr'>aut</span> <span class='ocrx_word' id='word_1_30' title='bbox 738 665 888 704; x_wconf 82' lang='lat' dir='ltr'>Nireus</span> <span class='ocrx_word' id='word_1_31' title='bbox 908 665 988 704; x_wconf 84' lang='lat' dir='ltr'>fuit</span> <span class='ocrx_word' id='word_1_32' title='bbox 1009 671 1083 704; x_wconf 84' lang='lat' dir='ltr'>aut</span> <span class='ocrx_word' id='word_1_33' title='bbox 1105 678 1264 717; x_wconf 85' lang='lat' dir='ltr'>aquosa</span> 
     </span>
     <span class='ocr_line' id='line_1_9' title="bbox 535 728 885 779; baseline 0 -12"><span class='ocrx_word' id='word_1_34' title='bbox 535 729 700 779; x_wconf 83' lang='lat' dir='ltr'>Raptus</span> <span class='ocrx_word' id='word_1_35' title='bbox 721 728 774 767; x_wconf 89' lang='lat' dir='ltr'>ab</span> <span class='ocrx_word' id='word_1_36' title='bbox 797 729 885 767; x_wconf 87' lang='lat' dir='ltr'>Ida.</span> 
     </span>
    </p>
   </div>
   <div class='ocr_carea' id='block_1_4' title="bbox 481 880 1222 1148">
    <p class='ocr_par' dir='ltr' id='par_1_7' title="bbox 481 880 1222 1148">
     <span class='ocr_line' id='line_1_10' title="bbox 871 880 983 919; baseline 0.009 -1"><span class='ocrx_word' id='word_1_37' title='bbox 871 880 983 919; x_wconf 89' lang='lat' dir='ltr'><strong>XXI.</strong></span> 
     </span>
     <span class='ocr_line' id='line_1_11' title="bbox 834 957 1020 1008; baseline 0.005 -13"><span class='ocrx_word' id='word_1_38' title='bbox 834 958 881 1008; x_wconf 71' lang='lat' dir='ltr'>(A</span> <span class='ocrx_word' id='word_1_39' title='bbox 892 957 1020 1007; x_wconf 78' lang='lat' dir='ltr'>lcaz&#39;c.)</span> 
     </span>
     <span class='ocr_line' id='line_1_12' title="bbox 481 1033 1204 1080; baseline -0.003 -6"><span class='ocrx_word' id='word_1_40' title='bbox 481 1035 517 1074; x_wconf 84' lang='lat' dir='ltr'><em>O</em></span> <span class='ocrx_word' id='word_1_41' title='bbox 537 1039 640 1073; x_wconf 91' lang='lat' dir='ltr'>nata</span> <span class='ocrx_word' id='word_1_42' title='bbox 662 1046 827 1073; x_wconf 84' lang='lat' dir='ltr'>mecum</span> <span class='ocrx_word' id='word_1_43' title='bbox 848 1034 1016 1073; x_wconf 86' lang='lat' dir='ltr'>consule</span> <span class='ocrx_word' id='word_1_44' title='bbox 1037 1033 1204 1080; x_wconf 89' lang='lat' dir='ltr'>Manlio,</span> 
     </span>
     <span class='ocr_line' id='line_1_13' title="bbox 482 1097 1222 1148; baseline 0 -12"><span class='ocrx_word' id='word_1_45' title='bbox 482 1098 563 1137; x_wconf 86' lang='lat' dir='ltr'>Seu</span> <span class='ocrx_word' id='word_1_46' title='bbox 585 1102 632 1136; x_wconf 92' lang='lat' dir='ltr'>tu</span> <span class='ocrx_word' id='word_1_47' title='bbox 653 1098 857 1148; x_wconf 78' lang='lat' dir='ltr'>querellas</span> <span class='ocrx_word' id='word_1_48' title='bbox 877 1097 965 1136; x_wconf 86' lang='lat' dir='ltr'>sive</span> <span class='ocrx_word' id='word_1_49' title='bbox 984 1098 1091 1148; x_wconf 83' lang='lat' dir='ltr'>geris</span> <span class='ocrx_word' id='word_1_50' title='bbox 1111 1097 1222 1136; x_wconf 88' lang='lat' dir='ltr'>iocos</span> 
     </span>
    </p>
   </div>
   <div class='ocr_carea' id='block_1_5' title="bbox 537 1161 1338 1275">
    <p class='ocr_par' dir='ltr' id='par_1_8' title="bbox 537 1161 1338 1275">
     <span class='ocr_line' id='line_1_14' title="bbox 537 1161 1206 1200; baseline 0 0"><span class='ocrx_word' id='word_1_51' title='bbox 537 1161 617 1200; x_wconf 87' lang='lat' dir='ltr'>Seu</span> <span class='ocrx_word' id='word_1_52' title='bbox 637 1161 773 1200; x_wconf 81' lang='lat' dir='ltr'>rixam</span> <span class='ocrx_word' id='word_1_53' title='bbox 793 1165 835 1200; x_wconf 88' lang='lat' dir='ltr'>et</span> <span class='ocrx_word' id='word_1_54' title='bbox 856 1161 1024 1200; x_wconf 83' lang='lat' dir='ltr'>insanos</span> <span class='ocrx_word' id='word_1_55' title='bbox 1045 1174 1206 1200; x_wconf 89' lang='lat' dir='ltr'>amores</span> 
     </span>
     <span class='ocr_line' id='line_1_15' title="bbox 592 1224 1338 1275; baseline 0 -12"><span class='ocrx_word' id='word_1_56' title='bbox 592 1224 673 1263; x_wconf 89' lang='lat' dir='ltr'>Seu</span> <span class='ocrx_word' id='word_1_57' title='bbox 694 1224 872 1269; x_wconf 82' lang='lat' dir='ltr'>facilem,</span> <span class='ocrx_word' id='word_1_58' title='bbox 895 1224 964 1275; x_wconf 93' lang='lat' dir='ltr'>pia</span> <span class='ocrx_word' id='word_1_59' title='bbox 986 1229 1108 1269; x_wconf 88' lang='lat' dir='ltr'>testa,</span> <span class='ocrx_word' id='word_1_60' title='bbox 1130 1237 1338 1270; x_wconf 88' lang='lat' dir='ltr'>somnum,</span> 
     </span>
    </p>
   </div>
   <div class='ocr_carea' id='block_1_6' title="bbox 880 826 1035 831">
    <p class='ocr_par' dir='ltr' id='par_1_9' title="bbox 880 826 1035 831">
     <span class='ocr_line' id='line_1_16' title="bbox 880 826 1035 831; baseline 0 0"><span class='ocrx_word' id='word_1_61' title='bbox 880 826 1035 831; x_wconf 95' lang='lat' dir='ltr'> </span> 
     </span>
    </p>
   </div>
   <div class='ocr_carea' id='block_1_7' title="bbox 483 1301 1366 1542">
    <p class='ocr_par' dir='ltr' id='par_1_10' title="bbox 483 1301 1366 1542">
     <span class='ocr_line' id='line_1_17' title="bbox 483 1301 1366 1353; baseline 0.001 -13"><span class='ocrx_word' id='word_1_62' title='bbox 483 1302 758 1353; x_wconf 70' lang='lat' dir='ltr'>Quocumque</span> <span class='ocrx_word' id='word_1_63' title='bbox 778 1302 933 1340; x_wconf 90' lang='lat' dir='ltr'>lectum</span> <span class='ocrx_word' id='word_1_64' title='bbox 954 1301 1122 1340; x_wconf 89' lang='lat' dir='ltr'>nomine</span> <span class='ocrx_word' id='word_1_65' title='bbox 1144 1301 1366 1341; x_wconf 86' lang='lat' dir='ltr'>Massicum</span> 
     </span>
     <span class='ocr_line' id='line_1_18' title="bbox 484 1364 1206 1415; baseline -0.001 -11"><span class='ocrx_word' id='word_1_66' title='bbox 484 1366 645 1410; x_wconf 87' lang='lat' dir='ltr'>Servas,</span> <span class='ocrx_word' id='word_1_67' title='bbox 669 1365 828 1403; x_wconf 91' lang='lat' dir='ltr'>moveri</span> <span class='ocrx_word' id='word_1_68' title='bbox 848 1365 975 1415; x_wconf 86' lang='lat' dir='ltr'>digna</span> <span class='ocrx_word' id='word_1_69' title='bbox 995 1364 1107 1403; x_wconf 87' lang='lat' dir='ltr'>bono</span> <span class='ocrx_word' id='word_1_70' title='bbox 1127 1365 1206 1410; x_wconf 88' lang='lat' dir='ltr'>die,</span> 
     </span>
     <span class='ocr_line' id='line_1_19' title="bbox 537 1428 1161 1474; baseline -0.003 -6"><span class='ocrx_word' id='word_1_71' title='bbox 537 1428 766 1474; x_wconf 89' lang='lat' dir='ltr'>Descende,</span> <span class='ocrx_word' id='word_1_72' title='bbox 789 1428 969 1467; x_wconf 86' lang='lat' dir='ltr'>Corvino</span> <span class='ocrx_word' id='word_1_73' title='bbox 990 1428 1161 1467; x_wconf 89' lang='lat' dir='ltr'>iubente</span> 
     </span>
     <span class='ocr_line' id='line_1_20' title="bbox 592 1491 1200 1542; baseline -0.002 -12"><span class='ocrx_word' id='word_1_74' title='bbox 592 1492 785 1530; x_wconf 90' lang='lat' dir='ltr'>Promere</span> <span class='ocrx_word' id='word_1_75' title='bbox 805 1491 1068 1542; x_wconf 87' lang='lat' dir='ltr'>languidiora</span> <span class='ocrx_word' id='word_1_76' title='bbox 1089 1491 1200 1530; x_wconf 86' lang='lat' dir='ltr'>vina.</span> 
     </span>
    </p>
   </div>
   <div class='ocr_carea' id='block_1_8' title="bbox 484 1568 1368 1811">
    <p class='ocr_par' dir='ltr' id='par_1_11' title="bbox 484 1568 1368 1811">
     <span class='ocr_line' id='line_1_21' title="bbox 484 1568 1368 1620; baseline 0 -12"><span class='ocrx_word' id='word_1_77' title='bbox 484 1570 579 1609; x_wconf 91' lang='lat' dir='ltr'>Non</span> <span class='ocrx_word' id='word_1_78' title='bbox 600 1569 679 1614; x_wconf 93' lang='lat' dir='ltr'>ille,</span> <span class='ocrx_word' id='word_1_79' title='bbox 703 1581 964 1620; x_wconf 89' lang='lat' dir='ltr'>quamquam</span> <span class='ocrx_word' id='word_1_80' title='bbox 986 1568 1207 1608; x_wconf 82' lang='lat' dir='ltr'>Socraticis</span> <span class='ocrx_word' id='word_1_81' title='bbox 1227 1569 1368 1609; x_wconf 82' lang='lat' dir='ltr'>madet</span> 
     </span>
     <span class='ocr_line' id='line_1_22' title="bbox 485 1631 1276 1682; baseline -0.001 -10"><span class='ocrx_word' id='word_1_82' title='bbox 485 1632 767 1677; x_wconf 90' lang='lat' dir='ltr'>Sermonibus,</span> <span class='ocrx_word' id='word_1_83' title='bbox 791 1637 832 1670; x_wconf 95' lang='lat' dir='ltr'>te</span> <span class='ocrx_word' id='word_1_84' title='bbox 853 1631 1033 1682; x_wconf 84' lang='lat' dir='ltr'>neglegit</span> <span class='ocrx_word' id='word_1_85' title='bbox 1054 1632 1246 1671; x_wconf 83' lang='lat' dir='ltr'>horridus</span> <span class='ocrx_word' id='word_1_86' title='bbox 1269 1645 1276 1671; x_wconf 91' lang='lat'>:</span> 
     </span>
     <span class='ocr_line' id='line_1_23' title="bbox 537 1695 1144 1746; baseline -0.002 -11"><span class='ocrx_word' id='word_1_87' title='bbox 537 1697 745 1735; x_wconf 83' lang='lat' dir='ltr'>Narratur</span> <span class='ocrx_word' id='word_1_88' title='bbox 765 1700 807 1734; x_wconf 92' lang='lat' dir='ltr'>et</span> <span class='ocrx_word' id='word_1_89' title='bbox 828 1695 952 1746; x_wconf 89' lang='lat' dir='ltr'>prisci</span> <span class='ocrx_word' id='word_1_90' title='bbox 973 1695 1144 1734; x_wconf 86' lang='lat' dir='ltr'>Catonis</span> 
     </span>
     <span class='ocr_line' id='line_1_24' title="bbox 593 1759 1224 1811; baseline -0.002 -12"><span class='ocrx_word' id='word_1_91' title='bbox 593 1760 725 1811; x_wconf 87' lang='lat' dir='ltr'>Saepe</span> <span class='ocrx_word' id='word_1_92' title='bbox 746 1772 860 1798; x_wconf 90' lang='lat' dir='ltr'>mero</span> <span class='ocrx_word' id='word_1_93' title='bbox 880 1759 1055 1798; x_wconf 87' lang='lat' dir='ltr'>caluisse</span> <span class='ocrx_word' id='word_1_94' title='bbox 1075 1759 1224 1800; x_wconf 87' lang='lat' dir='ltr'>virtus.</span> 
     </span>
    </p>
   </div>
   <div class='ocr_carea' id='block_1_9' title="bbox 485 1836 1350 2078">
    <p class='ocr_par' dir='ltr' id='par_1_12' title="bbox 485 1836 1350 2078">
     <span class='ocr_line' id='line_1_25' title="bbox 485 1836 1350 1887; baseline 0 -10"><span class='ocrx_word' id='word_1_95' title='bbox 485 1838 548 1877; x_wconf 88' lang='lat' dir='ltr'>Tu</span> <span class='ocrx_word' id='word_1_96' title='bbox 569 1838 661 1877; x_wconf 90' lang='lat' dir='ltr'>lene</span> <span class='ocrx_word' id='word_1_97' title='bbox 682 1841 943 1876; x_wconf 91' lang='lat' dir='ltr'>tormentum</span> <span class='ocrx_word' id='word_1_98' title='bbox 963 1836 1129 1887; x_wconf 91' lang='lat' dir='ltr'>ingenio</span> <span class='ocrx_word' id='word_1_99' title='bbox 1149 1836 1350 1877; x_wconf 85' lang='lat' dir='ltr'>admoves</span> 
     </span>
     <span class='ocr_line' id='line_1_26' title="bbox 488 1901 1247 1953; baseline -0.001 -12"><span class='ocrx_word' id='word_1_100' title='bbox 488 1903 738 1953; x_wconf 88' lang='lat' dir='ltr'>Plerumque</span> <span class='ocrx_word' id='word_1_101' title='bbox 758 1901 865 1940; x_wconf 91' lang='lat' dir='ltr'>duro</span> <span class='ocrx_word' id='word_1_102' title='bbox 884 1913 892 1946; x_wconf 86' lang='lat'>;</span> <span class='ocrx_word' id='word_1_103' title='bbox 925 1905 973 1939; x_wconf 91' lang='lat' dir='ltr'>tu</span> <span class='ocrx_word' id='word_1_104' title='bbox 992 1901 1247 1951; x_wconf 88' lang='lat' dir='ltr'>sapientium</span> 
     </span>
     <span class='ocr_line' id='line_1_27' title="bbox 540 1964 1111 2004; baseline -0.004 0"><span class='ocrx_word' id='word_1_105' title='bbox 540 1965 669 2004; x_wconf 90' lang='lat' dir='ltr'>Curas</span> <span class='ocrx_word' id='word_1_106' title='bbox 689 1968 731 2003; x_wconf 95' lang='lat' dir='ltr'>et</span> <span class='ocrx_word' id='word_1_107' title='bbox 751 1976 952 2002; x_wconf 88' lang='lat' dir='ltr'>arcanum</span> <span class='ocrx_word' id='word_1_108' title='bbox 972 1964 1111 2003; x_wconf 89' lang='lat' dir='ltr'>iocoso</span> 
     </span>
     <span class='ocr_line' id='line_1_28' title="bbox 593 2027 1179 2078; baseline 0 -13"><span class='ocrx_word' id='word_1_109' title='bbox 593 2027 820 2066; x_wconf 83' lang='lat' dir='ltr'>Consilium</span> <span class='ocrx_word' id='word_1_110' title='bbox 840 2027 991 2077; x_wconf 88' lang='lat' dir='ltr'>retegis</span> <span class='ocrx_word' id='word_1_111' title='bbox 1013 2027 1152 2078; x_wconf 91' lang='lat' dir='ltr'>Lyaeo</span> <span class='ocrx_word' id='word_1_112' title='bbox 1171 2039 1179 2073; x_wconf 89' lang='lat'>;</span> 
     </span>
    </p>
   </div>
   <div class='ocr_carea' id='block_1_10' title="bbox 487 2102 1276 2280">
    <p class='ocr_par' dir='ltr' id='par_1_13' title="bbox 487 2102 1276 2280">
     <span class='ocr_line' id='line_1_29' title="bbox 487 2102 1260 2155; baseline 0 -12"><span class='ocrx_word' id='word_1_113' title='bbox 487 2105 551 2143; x_wconf 87' lang='lat' dir='ltr'>Tu</span> <span class='ocrx_word' id='word_1_114' title='bbox 571 2116 688 2155; x_wconf 88' lang='lat' dir='ltr'>spem</span> <span class='ocrx_word' id='word_1_115' title='bbox 708 2103 871 2143; x_wconf 89' lang='lat' dir='ltr'>reducis</span> <span class='ocrx_word' id='word_1_116' title='bbox 891 2102 1105 2141; x_wconf 91' lang='lat' dir='ltr'>mentibus</span> <span class='ocrx_word' id='word_1_117' title='bbox 1125 2103 1260 2143; x_wconf 86' lang='lat' dir='ltr'>anxiis</span> 
     </span>
     <span class='ocr_line' id='line_1_30' title="bbox 489 2165 1276 2217; baseline -0.001 -11"><span class='ocrx_word' id='word_1_118' title='bbox 489 2167 690 2217; x_wconf 83' lang='lat' dir='ltr'>Viresque</span> <span class='ocrx_word' id='word_1_119' title='bbox 710 2170 751 2204; x_wconf 92' lang='lat' dir='ltr'>et</span> <span class='ocrx_word' id='word_1_120' title='bbox 773 2165 894 2205; x_wconf 78' lang='lat' dir='ltr'>addis</span> <span class='ocrx_word' id='word_1_121' title='bbox 914 2177 1070 2204; x_wconf 90' lang='lat' dir='ltr'>cornua</span> <span class='ocrx_word' id='word_1_122' title='bbox 1089 2166 1276 2217; x_wconf 89' lang='lat' dir='ltr'>pauperi,</span> 
     </span>
     <span class='ocr_line' id='line_1_31' title="bbox 545 2230 1228 2280; baseline -0.001 -11"><span class='ocrx_word' id='word_1_123' title='bbox 545 2231 645 2269; x_wconf 90' lang='lat' dir='ltr'>Post</span> <span class='ocrx_word' id='word_1_124' title='bbox 666 2235 707 2269; x_wconf 85' lang='lat' dir='ltr'>te</span> <span class='ocrx_word' id='word_1_125' title='bbox 727 2242 862 2280; x_wconf 89' lang='lat' dir='ltr'>neque</span> <span class='ocrx_word' id='word_1_126' title='bbox 883 2230 1012 2268; x_wconf 88' lang='lat' dir='ltr'>iratos</span> <span class='ocrx_word' id='word_1_127' title='bbox 1033 2230 1228 2268; x_wconf 88' lang='lat' dir='ltr'>trementi</span> 
     </span>
    </p>
   </div>
   <div class='ocr_carea' id='block_1_11' title="bbox 598 2292 1428 2344">
    <p class='ocr_par' dir='ltr' id='par_1_14' title="bbox 598 2292 1428 2344">
     <span class='ocr_line' id='line_1_32' title="bbox 598 2292 1428 2344; baseline 0.001 -12"><span class='ocrx_word' id='word_1_128' title='bbox 598 2294 762 2344; x_wconf 88' lang='lat' dir='ltr'>Regum</span> <span class='ocrx_word' id='word_1_129' title='bbox 783 2292 921 2344; x_wconf 88' lang='lat' dir='ltr'>apices</span> <span class='ocrx_word' id='word_1_130' title='bbox 940 2305 1075 2343; x_wconf 87' lang='lat' dir='ltr'>neque</span> <span class='ocrx_word' id='word_1_131' title='bbox 1096 2293 1278 2332; x_wconf 89' lang='lat' dir='ltr'>militum</span> <span class='ocrx_word' id='word_1_132' title='bbox 1299 2307 1428 2333; x_wconf 87' lang='lat' dir='ltr'>arma.</span> 
     </span>
    </p>
   </div>
   <div class='ocr_carea' id='block_1_12' title="bbox 1535 346 1584 374">
    <p class='ocr_par' dir='ltr' id='par_1_15' title="bbox 1535 346 1584 374">
     <span class='ocr_line' id='line_1_33' title="bbox 1535 346 1584 374; baseline -0.02 0"><span class='ocrx_word' id='word_1_133' title='bbox 1535 346 1584 374; x_wconf 90' lang='lat'>10</span> 
     </span>
    </p>
   </div>
   <div class='ocr_carea' id='block_1_13' title="bbox 1535 676 1581 715">
    <p class='ocr_par' dir='ltr' id='par_1_16' title="bbox 1535 676 1581 715">
     <span class='ocr_line' id='line_1_34' title="bbox 1535 676 1581 715; baseline 0 0"><span class='ocrx_word' id='word_1_134' title='bbox 1535 676 1581 715; x_wconf 85' lang='lat'>15</span> 
     </span>
    </p>
   </div>
   <div class='ocr_carea' id='block_1_14' title="bbox 1543 1645 1592 1674">
    <p class='ocr_par' dir='ltr' id='par_1_17' title="bbox 1543 1645 1592 1674">
     <span class='ocr_line' id='line_1_35' title="bbox 1543 1645 1592 1674; baseline 0.02 -1"><span class='ocrx_word' id='word_1_135' title='bbox 1543 1645 1592 1674; x_wconf 88' lang='lat'>10</span> 
     </span>
    </p>
   </div>
   <div class='ocr_carea' id='block_1_15' title="bbox 1545 1975 1591 2016">
    <p class='ocr_par' dir='ltr' id='par_1_18' title="bbox 1545 1975 1591 2016">
     <span class='ocr_line' id='line_1_36' title="bbox 1545 1975 1591 2016; baseline 0 0"><span class='ocrx_word' id='word_1_136' title='bbox 1545 1975 1591 2016; x_wconf 86' lang='lat'>15</span> 
     </span>
    </p>
   </div>
   <div class='ocr_carea' id='block_1_16' title="bbox 1543 2306 1594 2336">
    <p class='ocr_par' dir='ltr' id='par_1_19' title="bbox 1543 2306 1594 2336">
     <span class='ocr_line' id='line_1_37' title="bbox 1543 2306 1594 2336; baseline 0.02 -1"><span class='ocrx_word' id='word_1_137' title='bbox 1543 2306 1594 2336; x_wconf 91' lang='lat'>20</span> 
     </span>
    </p>
   </div>
  </div>
 </body>
</html>
