1679 2583
667 168 778 197 oDEs
808 169 850 197 11.
884 170 944 208 13.
1401 165 1451 219 63

745 279 856 319 XIII.

707 386 756 437 (A
764 387 873 427 lcaz'c.
884 388 895 435 )

360 483 431 522 Ille
450 487 491 522 et
511 484 673 524 nefasto
693 490 734 525 te
755 488 895 537 posuit
917 488 995 534 die,

357 545 615 598 Quicumque
635 549 827 600 primum,
849 555 891 590 et
913 552 1108 603 sacrilega
1128 566 1256 592 manu

410 609 623 657 Produxit,
645 612 778 658 arbos,
800 612 842 651 in
863 619 1066 664 nepotum

462 673 687 714 Perniciem
707 676 1059 729 opprobriumque
1078 678 1170 729 pagi
1193 690 1202 725 ;

356 749 479 789 Illum
498 755 539 789 et
559 752 742 802 parentis
763 753 1006 793 crediderim
1026 755 1088 793 sui
1423 766 1445 806 5

355 812 536 864 Fregisse
556 815 757 854 cervicem
777 820 818 855 et
838 818 1066 868 penetralia

406 876 607 927 Sparsisse
627 884 830 918 nocturno
850 893 992 920 cruore

457 940 645 992 Hospitis
664 953 672 988 ;
702 942 768 981 ille
786 955 949 982 venena
970 944 1120 984 Colcha

351 1014 405 1055 Et
426 1018 623 1069 quicquid
643 1032 820 1070 usquam
840 1021 1072 1072 concipitur
1091 1023 1208 1062 nefas

349 1078 576 1127 Tractavit‚
599 1094 696 1132 agro
716 1083 787 1133 qui
806 1084 957 1123 statuit
977 1098 1069 1124 meo
1394 1100 1441 1127 1o

400 1142 458 1182 Te
478 1144 594 1182 triste
614 1145 782 1195 lignum,
807 1151 847 1185 te
869 1147 1074 1186 caducum

454 1207 503 1245 In
523 1206 680 1246 domini
700 1214 826 1259 caput
846 1210 1099 1250 inmerentis.

346 1281 455 1332 Quid
474 1283 647 1335 quisque
667 1285 785 1331 vitet,
806 1299 1037 1338 numquam
1058 1288 1215 1327 homini
1236 1290 1337 1329 satis

346 1344 565 1385 Cautumst
584 1347 626 1385 in
646 1347 768 1386 horas
790 1364 798 1386 .·
828 1349 974 1388 navita
994 1350 1254 1401 Bosphorum

397 1408 570 1460 Thynus
589 1410 860 1460 perhorrescit
879 1425 1014 1464 neque
1033 1414 1140 1452 ultra
1391 1428 1436 1466 15

449 1472 579 1511 Caeca
600 1473 773 1512 timetve
793 1474 958 1514 aliunde
979 1475 1082 1523 fata,

344 1548 458 1588 Miles
478 1550 651 1601 sagittas
671 1555 713 1589 et
733 1552 905 1591 celerem
926 1553 1069 1604 fugam

344 1611 499 1658 Parthi,
522 1617 690 1652 catenas
710 1614 891 1654 Parthus
912 1620 953 1654 et
976 1616 1118 1655 Italun

397 1675 540 1714 Robur
559 1687 567 1721 ;
597 1677 669 1715 sed
688 1676 913 1727 improvisa
934 1678 1007 1717 leti

448 1738 519 1777 Vis
538 1739 677 1789 rapuit
697 1740 912 1791 rapietque
932 1746 1089 1792 gentes.
1387 1757 1434 1784 20

341 1813 476 1864 Quam
496 1828 626 1865 paene
647 1815 791 1854 furvae
810 1829 935 1867 regna
956 1818 1225 1869 Proserpinae

341 1876 397 1915 Et
417 1877 669 1916 iudicantem
688 1878 869 1917 vidimus
888 1879 1072 1919 Aeacum

393 1940 597 1991 Sedesque
617 1941 834 1992 discriptas
853 1943 1015 1993 piorum
1036 1949 1078 1984 et

443 2003 594 2042 Aeoliis
613 2003 764 2043 fidibus
783 2011 1031 2056 querentem

339 2079 507 2130 Sappho
526 2081 670 2131 puellis
690 2081 741 2119 de
760 2083 1029 2132 popularibus
1380 2098 1401 2125 2
1407 2096 1429 2136 5

338 2143 393 2181 Et
414 2148 454 2181 te
474 2148 692 2183 sonantem
710 2145 870 2195 plenius
889 2159 1027 2193 aureo,

389 2206 549 2253 Alcaee,
571 2207 726 2258 plectro
746 2208 850 2247 dura
868 2210 1001 2256 navis,

442 2270 557 2311 Dura
576 2270 696 2325 fugae
716 2271 837 2318 mala,
860 2272 964 2316 dura
989 2273 1098 2314 belli.
