1700 2573
671 156 783 184 ODES
812 156 838 184 1.
870 157 932 196 29.
1406 158 1456 196 43

206 267 271 306 Ab
293 268 392 306 Iove
411 267 691 318 Neptunoque
713 266 816 306 sacri
836 267 1008 306 custode
1028 267 1210 306 Tarenti.

258 332 446 384 Neglegis
466 333 667 372 inmeritis
686 333 919 372 nocituram
1403 346 1454 384 30

206 397 431 435 Postmodo
452 400 493 435 te
513 397 624 435 natis
644 396 832 435 fraudem
853 397 1098 436 conmittere
1116 397 1131 435 ?
1191 397 1292 437 Fors
1312 402 1355 436 et

258 459 411 499 Debita
431 459 520 498 iura
540 459 732 511 vicesque
753 459 953 510 superbae

202 569 259 609 Te
278 574 475 608 maneant
494 569 630 620 ipsum
653 581 659 608 :
691 569 880 620 precibus
900 582 984 608 non
1005 569 1172 620 linquar
1192 570 1347 616 inultis,

254 635 393 686 Teque
412 634 574 686 piacula
592 635 705 674 nulla
725 635 943 674 resolvent.

202 698 466 749 Quamquam
485 697 667 743 festinas,
689 710 772 736 non
792 702 854 737 est
875 710 990 736 mora
1010 697 1132 748 longa
1149 709 1158 744 ;
1189 698 1329 738 licebit
1400 710 1450 749 35

256 764 412 803 Iniecto
433 767 495 802 ter
513 764 680 814 pulvere
701 763 882 803 curras.''

724 961 871 1000 XXIX.

706 1071 889 1122 (Alcaic.)

360 1182 453 1228 Icci,
475 1182 607 1221 beatis
626 1194 736 1220 nunc
755 1181 942 1220 Arabum
962 1182 1123 1221 invides

358 1245 478 1284 Gazis
497 1257 505 1291 ;
536 1249 578 1284 et
598 1257 734 1283 acrem
754 1244 947 1282 militiam
968 1257 1089 1295 paras

386 1322 390 1326 ’
409 1308 504 1348 Non
524 1312 622 1347 ante
641 1307 816 1346 devictis
836 1307 1020 1346 Sabaeae

463 1370 657 1422 Regibus,
678 1370 946 1421 horribilique
967 1371 1089 1410 Medo

356 1481 497 1520 Nectis
517 1485 696 1519 catenas.
753 1479 869 1530 Quae
890 1480 966 1518 tibi
987 1480 1196 1531 virginum
1425 1492 1448 1531 5

356 1544 515 1595 Sponso
534 1547 681 1582 necato
701 1543 879 1581 barbara
900 1543 1052 1582 serviet
1069 1544 1084 1583 ?

408 1607 514 1645 Puer
533 1606 624 1658 quis
644 1619 695 1645 ex
715 1606 810 1644 aula
829 1606 988 1657 capillis

460 1670 527 1709 Ad
546 1669 748 1721 cyathum
768 1674 979 1708 statuetur
999 1670 1148 1716 unctis,

356 1781 514 1819 Doctus
533 1779 708 1830 sagittas
728 1779 897 1817 tendere
918 1778 1075 1818 Sericas

354 1843 463 1881 Arcu
482 1841 688 1893 paterno?
747 1841 848 1892 Quis
867 1846 989 1892 neget
1010 1842 1149 1882 arduis
1399 1856 1446 1884 10

407 1908 562 1947 Pronos
582 1907 709 1946 relabi
730 1920 847 1958 posse
868 1907 978 1946 rivos

458 1971 671 2010 Montibus
690 1975 732 2009 et
751 1970 933 2009 Tiberim
952 1971 1117 2018 reverti,

351 2082 456 2121 Cum
476 2085 523 2120 tu
543 2084 755 2131 coemptos
774 2080 958 2131 undique
978 2080 1127 2119 nobilis

351 2145 496 2183 Libros
517 2143 690 2182 Panaeti
710 2142 963 2182 Socraticam
982 2147 1024 2182 et
1045 2144 1217 2182 domum

404 2208 566 2246 Mutare
586 2206 718 2245 loricis
738 2206 916 2252 Hiberis,
1395 2218 1440 2258 15

457 2272 669 2311 Pollicitus
688 2272 869 2319 meliora,
892 2273 1026 2311 tendis
1043 2272 1058 2311 ?
