1700 2573
669 171 780 201 ODES
810 171 835 199 I.
870 172 929 205 10,
963 171 1022 200 11.
1418 169 1471 210 27

687 282 881 406 <suffiae
912 354 961 404 Ι.)

438 433 622 480 Mercuri,
644 433 820 472 facunde
839 444 966 482 nepos
985 429 1180 475 Atlantis,

437 497 517 548 Qui
537 497 642 535 feros
662 496 797 534 cultus
815 494 1031 533 hominurn
1050 498 1262 532 recentum

437 561 546 599 Voce
566 558 754 598 formasti
773 562 891 596 catus
910 561 951 595 et
971 557 1142 595 decorae

543 624 654 662 More
674 622 913 672 palaestrae,

435 705 493 744 Te
513 717 672 749 canam,
693 702 832 754 magni
853 701 964 741 Iovis
983 705 1024 740 et
1044 701 1215 739 deorum
1444 709 1466 749 5

436 768 643 807 Nuntium
663 778 895 816 curvaeque
914 765 1026 815 lyrae
1046 768 1272 814 parentem,

436 831 652 875 Callidum,
674 828 878 880 quidquid
897 827 1064 878 placuit,
1085 827 1222 864 iocoso

541 893 724 933 Condere
743 892 867 930 furto.

435 977 506 1023 Te,
526 977 654 1015 boves
673 975 771 1014 olim
790 973 867 1012 nisi
886 972 1130 1011 reddidisses

438 1041 514 1079 Per
534 1039 674 1079 dolum
694 1041 868 1082 amotas,
890 1047 1063 1087 puerum
1082 1034 1233 1073 minaci
1421 1047 1469 1074 10

437 1107 546 1146 Voce
566 1106 666 1144 dum
686 1107 824 1148 terret,
845 1102 996 1140 viduus
1015 1101 1210 1152 pharetra

544 1168 651 1206 Risit
670 1166 828 1217 ApoHo.

438 1251 547 1303 Quin
567 1255 608 1289 et
627 1249 796 1288 Atridas
815 1247 918 1286 duce
938 1250 980 1284 te
999 1245 1197 1296 superbos

438 1316 514 1354 Ilio
533 1314 648 1353 dives
669 1311 856 1350 Priamus
875 1309 1016 1348 relicto

437 1377 734 1426 Thessalosque
754 1375 867 1425 ignes
886 1377 926 1411 et
947 1372 1089 1423 iniqua
1107 1371 1253 1410 Troiae
1422 1381 1469 1421 15

544 1441 687 1479 Castra
708 1437 863 1476 fefellit.

438 1524 502 1563 Tu
521 1523 610 1574 pias
628 1521 746 1560 laetis
766 1519 925 1558 animas
945 1517 1107 1568 reponis

440 1589 625 1634 Sedibus,
646 1586 843 1637 virgaque
863 1585 994 1623 levem
1015 1595 1174 1622 coerces

438 1656 576 1694 Aurea
594 1652 773 1697 turbam,
795 1649 951 1702 superis
970 1649 1141 1687 deorum

545 1719 699 1757 Gratus
718 1721 759 1756 et
779 1715 882 1755 imis.
1421 1726 1473 1754 20

789 1936 859 1974 XI.

673 2009 724 2060 (A
731 2007 905 2059 sclepiad
923 2005 975 2056 2.)

174 2089 238 2127 Tu
256 2100 308 2126 ne
327 2084 560 2138 quaesieris,
581 2081 682 2121 scire
700 2080 829 2125 nefas,
853 2091 977 2129 quem
996 2077 1111 2123 mihi,
1133 2090 1257 2128 quem
1278 2077 1354 2116 tibi

175 2152 320 2190 Finem
339 2149 381 2188 di
400 2147 600 2191 dederint,
622 2145 850 2187 Leuconoe,
873 2153 948 2179 nec
968 2140 1223 2191 Babylonios

174 2211 407 2264 Temptaris
425 2220 628 2249 numeros.
685 2206 745 2245 Ut
764 2204 921 2249 melius,
946 2203 1151 2254 quidquid
1171 2203 1260 2248 erit,
1283 2202 1373 2253 pati
1395 2202 1402 2240 Ι

176 2277 256 2316 Seu
274 2276 410 2327 plures
428 2273 583 2311 hiemes
602 2283 673 2309 seu
693 2267 838 2308 tribuit
860 2267 1047 2318 Iuppiter
1069 2266 1277 2312 ultimam,
