1710 2604
189 177 237 207 22

749 177 920 210 HORACE

401 291 469 329 Nil
489 292 733 330 mortalibus
754 293 912 332 arduist
932 305 940 339 ;

454 355 621 394 Caelum
642 355 778 406 ipsum
799 357 980 407 petimus
999 358 1192 403 stultitia,
1214 371 1348 410 neque

401 418 478 456 Per
497 423 686 457 nostrum
708 420 891 470 patimur
910 421 1040 460 scelus

454 481 659 521 Iracunda
682 483 825 522 Iovem
845 497 995 535 ponere
1016 485 1202 524 fulmina.
1441 497 1492 535 40

804 704 859 743 IV

648 792 947 843 (Archiloclzian
975 793 1029 845 4.)

1224 829 1245 852 5

240 888 421 928 Solvitur
441 890 544 929 acris
564 891 724 943 hiemps
743 897 862 943 grata
882 893 970 932 vice
992 894 1099 932 veris
1119 898 1160 933 et
1182 893 1354 940 Favoni,

291 951 564 1005 Trahuntque
584 954 711 994 siccas
731 956 946 995 machinae
967 957 1139 1003 carinas,

239 1017 298 1056 Ac
318 1031 451 1070 neque
471 1020 554 1059 iarn
574 1021 750 1060 stabulis
768 1023 923 1072 gaudet
944 1035 1068 1073 pecus
1089 1028 1162 1062 aut
1183 1029 1323 1062 arator
1343 1022 1438 1074 igni,

292 1081 378 1120 Nec
398 1088 519 1133 prata
540 1084 652 1123 canis
672 1085 857 1124 albicant
878 1086 1046 1137 pruinis.

241 1191 330 1230 Iam
350 1192 554 1243 Cytherea
574 1194 720 1234 choros
739 1195 855 1234 ducit
876 1196 1015 1235 Venus
1035 1196 1262 1236 inminente
1284 1197 1394 1243 luna,
1467 1206 1490 1246 5

295 1255 548 1308 Iunctaeque
568 1257 776 1310 Nymphis
795 1259 963 1298 Gratiae
983 1260 1177 1299 decentes

240 1319 410 1358 Alterno
430 1324 583 1360 terram
603 1322 801 1372 quatiunt
822 1323 938 1373 pede,
960 1323 1060 1362 dum
1081 1335 1228 1374 graves
1248 1324 1476 1375 Cyclopum

293 1382 500 1422 Volcanus
520 1385 668 1424 ardens
688 1385 770 1424 urit
790 1386 986 1425 officinas.

240 1492 360 1531 Nunc
380 1494 498 1533 decet
519 1499 592 1533 aut
613 1495 734 1534 viridi
755 1495 935 1535 nitidum
956 1502 1082 1548 caput
1105 1497 1304 1548 impedire
1324 1503 1463 1548 myrto

292 1556 378 1596 Aut
398 1557 496 1596 flore
517 1562 649 1597 terrae
669 1571 793 1610 quem
814 1559 952 1599 ferunt
973 1560 1132 1599 solutae
1152 1572 1159 1605 ;
1443 1572 1491 1599 10

240 1619 361 1658 Nunc
381 1625 422 1659 et
442 1621 483 1659 in
504 1621 709 1661 umbrosis
729 1622 874 1661 Fauno
894 1623 1012 1662 decet
1033 1623 1246 1662 immolare
1267 1624 1380 1670 lucis,

293 1682 372 1722 Seu
393 1689 536 1735 poscat
557 1698 664 1736 agna
684 1685 770 1724 sive
790 1686 909 1725 malit
928 1686 1074 1725 haedo.

240 1792 398 1832 Pallida
419 1795 529 1834 Mors
550 1808 682 1846 aequo
703 1796 841 1847 pulsat
862 1796 966 1847 pede
986 1809 1218 1848 pauperum
1239 1797 1434 1836 tabernas

293 1859 536 1912 Regumque
558 1866 701 1901 turres.
759 1862 794 1902 O
815 1862 937 1901 beate
958 1862 1076 1909 Sesti,

240 1923 359 1962 Vitae
374 1936 537 1963 summa
552 1925 689 1964 brevis
703 1938 819 1976 spem
834 1938 908 1965 nos
923 1931 1039 1965 vetat
1055 1926 1248 1966 inchoare
1263 1927 1442 1978 longam.

294 1990 383 2028 Iam
404 1995 444 2029 te
466 1996 624 2041 premet
646 2004 742 2037 ῃοΧ,
764 1992 1013 2043 fabulaeque
1035 1993 1188 2038 Manes,
1443 1994 1490 2032 16

240 2099 294 2138 Et
315 2100 463 2139 domus
483 2101 599 2139 exilis
621 2102 814 2141 Plutonia
833 2114 842 2148 ;
873 2115 957 2153 quo
976 2103 1099 2142 simul
1118 2103 1280 2150 mearis,

291 2163 328 2201 N
333 2176 377 2202 ec
397 2177 521 2215 regna
541 2164 629 2203 vini
650 2166 818 2204 sortiere
840 2166 946 2212 talis,

240 2227 324 2266 Nec
345 2232 532 2266 tenerum
555 2228 739 2279 Lycidan
760 2229 977 2276 mirabere,
1000 2242 1083 2281 quo
1102 2231 1208 2270 calet
1228 2231 1423 2270 iuventus

291 2290 412 2330 Nunc
432 2291 565 2330 omnis
584 2297 625 2331 et
647 2305 743 2331 mox
764 2293 941 2344 virgines
962 2294 1177 2345 tepebunt.
1438 2306 1489 2334 20
