1710 2604
806 199 982 228 HORACE

448 299 584 337 Paene
604 304 857 350 occupatam
877 298 1155 339 seditionibus

447 361 613 400 Delevit
635 362 794 401 Urbem
815 362 956 401 Dacus
977 367 1019 402 et
1040 362 1257 414 Aethiops,

500 425 580 463 Hic
601 426 730 465 classe
751 425 1016 472 formidatus,
1038 426 1105 465 ille

552 487 779 527 Missilibus
799 488 944 528 melior
963 489 1142 540 sagittis.

445 603 643 642 Fecunda
663 605 811 655 culpae
831 605 998 644 saecula
1017 605 1190 656 nuptias

444 667 631 705 Primum
651 667 925 719 inquinavere
945 672 988 707 et
1007 681 1138 720 genus
1158 673 1200 708 et
1221 668 1368 708 domos
1384 679 1392 707 ἰ

496 730 589 769 Hoc
609 730 726 770 fonte
746 731 939 771 derivata
959 731 1099 771 clades

550 794 600 832 In
620 794 804 845 patriam
826 795 1114 846 populumque
1135 794 1272 834 fluxit.

442 909 582 948 Motus
603 909 742 949 doceri
761 910 918 961 gaudet
942 910 1105 950 Ionicos

440 971 604 1011 Acerba
623 972 741 1023 virgo
761 980 802 1011 et
824 973 998 1024 fingitur
1017 973 1180 1012 artibus

495 1036 587 1074 Iam
606 1048 719 1074 nunc
740 1040 781 1074 et
802 1036 983 1075 incestos
1003 1049 1166 1075 amores

548 1099 611 1138 De
632 1103 776 1138 tenero
796 1100 1030 1138 meditatur
1048 1100 1191 1150 ungui.

440 1215 537 1253 Mox
559 1215 739 1254 iuniores
760 1216 925 1266 quaerit
945 1215 1159 1255 adulteros

440 1278 557 1317 Inter
576 1278 718 1317 mariti
738 1278 850 1324 vina,
873 1291 1009 1330 neque
1029 1278 1143 1330 eligit

492 1340 567 1380 Cui
588 1341 717 1380 donet
737 1341 986 1392 inpermissa
1004 1342 1162 1393 raptim

546 1404 712 1444 Gaudia
731 1404 961 1444 luminibus
980 1405 1166 1452 remotis,

437 1521 519 1560 Sed
538 1521 650 1560 iussa
670 1534 811 1560 coram
830 1534 915 1560 non
935 1521 1023 1560 sine
1044 1521 1210 1561 conscio

437 1583 578 1635 Surgit
598 1584 764 1630 marito,
787 1597 860 1623 seu
880 1589 1006 1624 vocat
1026 1585 1197 1624 institor

490 1647 571 1686 Seu
591 1648 712 1686 navis
733 1648 949 1699 Hispanae
970 1648 1180 1700 magister,

543 1710 807 1749 Dedecorum
827 1711 1036 1762 pretiosus
1055 1716 1234 1763 emptor.

435 1826 531 1865 Non
550 1826 614 1866 his
635 1826 833 1866 iuventus
853 1831 948 1866 orta
967 1827 1214 1879 parentibus

435 1889 586 1929 Infecit
607 1902 765 1941 aequor
783 1890 986 1941 sanguine
1008 1890 1166 1930 Punico

487 1952 780 2004 Pyrrhumque
801 1957 843 1992 et
863 1953 1078 2005 ingentem
1098 1953 1249 1993 cecidit

540 2016 797 2055 Antiochum
818 2016 1188 2068 Hannibalemque
1208 2017 1345 2055 dirum
1365 2029 1374 2064 ;

432 2126 513 2165 Sed
533 2126 785 2165 rusticorum
806 2128 993 2166 mascula
1013 2127 1196 2166 militurn

432 2189 584 2235 Proles,
607 2189 781 2229 Sabellis
801 2190 929 2229 docta
947 2189 1156 2241 ligonibus

484 2253 658 2292 Versare
677 2253 847 2304 glaebas
867 2257 910 2292 et
929 2265 1099 2293 severae

537 2316 684 2355 Matris
704 2316 758 2355 ad
779 2316 1001 2356 arbitrium
1021 2316 1172 2356 recisos

1502 804 1552 832 20

1494 1595 1546 1634 30

1489 1964 1539 2004 35

1485 2328 1538 2368 40
