1679 2583
653 167 766 195 ODEs
796 167 858 194 111.
891 167 925 205 5.
1397 160 1443 197 81

344 266 415 304 Vis
436 266 580 305 consili
600 279 748 317 expers
769 267 875 304 mole
896 267 979 305 ruit
999 280 1075 305 sua
1098 278 1104 305 1
1396 268 1444 316 65

346 329 442 367 Vim
463 333 741 380 temperatam
762 329 804 367 di
825 342 992 380 quoque
1013 329 1248 380 provehunt

398 393 447 430 In
468 392 602 430 maius
622 404 629 437 ;
661 392 771 432 idem
792 392 914 431 odere
935 393 1042 431 vires

449 454 582 493 Omne
602 455 718 493 nefas
740 455 880 493 animo
900 460 1131 494 moventes.

347 530 481 569 Testis
501 543 689 570 mearum
710 531 971 570 centimanus
992 531 1104 582 Gyas

345 593 671 639 Sententiarum,
693 598 818 632 notus
839 599 881 632 et
901 594 1085 645 integrae
1394 607 1444 645 70

396 655 646 707 Temptator
666 656 794 695 Orion
814 657 988 702 Dianae,

449 719 643 770 Virginea
664 719 849 758 domitus
869 720 1038 770 sagitta.

345 795 505 834 Iniecta
525 795 722 834 monstris
742 795 869 834 Terra
889 796 1002 834 dolet
1021 797 1105 835 suis

343 858 584 909 Maeretque
604 863 751 909 partus
771 858 944 897 fulmine
965 859 1145 899 luridum

396 921 541 960 Missos
562 922 615 959 ad
636 921 791 960 Orcum
811 934 818 967 ;
850 934 925 960 nec
947 923 1106 972 peredit
1392 934 1439 974 75

450 985 684 1035 Inpositam
705 985 810 1023 celer
830 985 934 1035 ignis
956 986 1148 1028 Aetnam,

344 1061 649 1100 Incontinentis
669 1074 746 1099 nec
764 1061 879 1112 Tityi
898 1062 1010 1100 iecur

344 1124 529 1174 Reliquit
550 1125 645 1169 ales,
668 1125 879 1175 nequitiae
901 1125 1070 1164 additus

394 1186 543 1225 Custos
562 1199 570 1232 ;
603 1192 836 1226 amatorem
857 1192 1067 1226 trecentae

449 1249 682 1288 Pirithoum
703 1250 899 1289 cohibent
920 1255 1105 1289 catenae.
1390 1253 1440 1290 80

759 1393 807 1431 v.
1231 1370 1278 1415 ‘s'

691 1464 877 1514 (Almia.)

341 1546 462 1585 Caelo
484 1551 704 1585 tonantem
725 1547 974 1586 credidimus
996 1548 1139 1586 Iovem

341 1609 530 1660 Regnare
551 1621 558 1654 3
589 1622 783 1660 praesens
804 1610 926 1648 divus
945 1609 1170 1649 habebitur

392 1672 607 1722 Augustus
628 1672 802 1712 adiectis
823 1672 1037 1711 Britannis

446 1734 628 1785 Imperio
647 1734 928 1785 gravibusque
951 1735 1096 1774 Persis.

339 1811 508 1850 Milesne
529 1811 663 1850 Crassi
683 1811 857 1862 coniuge
877 1811 1057 1850 barbara
1415 1822 1436 1860 5

337 1874 487 1924 Turpis
508 1874 684 1913 maritus
704 1874 825 1920 vixit,
847 1879 889 1913 et
908 1874 1164 1920 hostium,—

393 1937 471 1975 Pro
492 1937 605 1975 curia
626 1937 862 1988 inversique
883 1950 1017 1976 mores
1040 1937 1104 1975 !—

445 1999 673 2039 Consenuit
693 2012 929 2039 socerorum
948 2000 990 2038 in
1012 2001 1137 2039 armis

339 2077 424 2115 Sub
445 2090 538 2128 rege
560 2077 682 2116 Medo
703 2077 864 2116 Marsus
884 2082 926 2116 et
946 2078 1120 2128 Apulus,

339 2140 595 2178 Anciliorum
615 2144 657 2178 et
676 2139 857 2178 nominis
877 2144 919 2178 et
940 2144 1061 2191 togae
1391 2152 1439 2178 10

392 2202 559 2241 Oblitus
579 2207 858 2253 aeternaeque
877 2203 1042 2248 Vestae,

447 2266 651 2304 Incolumi
674 2266 774 2304 Iove
794 2270 836 2304 et
856 2265 958 2305 urbe
980 2266 1117 2304 Roma
1134 2266 1148 2304 ?

226 2341 327 2370 HoR.
345 2341 452 2370 1.-1v.
1313 2331 1338 2370 6
