1679 2583
685 141 797 190 ODEs
828 163 885 192 IV.
919 164 980 193 10.
1415 167 1486 207 125

388 258 552 298 Vindex
572 273 723 299 avarae
744 261 902 302 fraudis
922 267 964 302 et
985 263 1199 305 abstinens

386 321 589 361 Ducentis
609 323 664 363 ad
683 337 725 362 se
746 329 899 365 cuncta
917 327 1131 377 pecuniae,

438 385 673 438 Consulque
693 400 778 427 non
797 389 921 429 unius
941 391 1052 437 anni,

490 448 572 488 Sed
591 450 785 501 quotiens
805 451 939 492 bonus
960 458 1088 506 atque
1108 454 1216 495 fidus
1432 469 1484 509 40

382 567 516 607 Iudex
534 567 759 607 honestum
779 571 979 620 praetulit
999 572 1106 620 utili,

381 630 541 670 Reiecit
561 631 648 670 alto
668 631 779 671 dona
798 634 1041 674 nocentium

432 694 574 741 Voltu,
596 707 669 745 per
688 694 906 736 obstantes
927 703 1118 739 catervas

484 757 699 808 Explicuit
719 771 796 798 sua
815 759 951 799 victor
970 774 1099 802 arma.

375 876 472 915 Non
491 876 775 928 possidentem
794 877 930 918 multa
949 881 1165 921 vocaveris
1424 893 1474 935 45

376 940 506 979 Recte
526 939 699 979 beatum
719 952 727 986 ;
758 941 912 981 rectius
931 949 1111 995 occupat

426 1003 591 1042 Nomen
611 1003 738 1050 beati,
760 1004 833 1055 qui
852 1005 1027 1045 deorum

479 1065 722 1106 Muneribus
741 1067 952 1118 sapienter
971 1069 1035 1108 uti

371 1184 614 1235 Duramque
635 1184 757 1224 callet
777 1186 1019 1237 pauperiem
1040 1188 1130 1239 pati

371 1246 575 1299 Peiusque
594 1247 679 1286 leto
699 1248 906 1299 flagitium
926 1250 1060 1296 timet,
1418 1263 1470 1304 50

422 1309 517 1349 Non
537 1310 604 1349 ille
624 1323 700 1361 pro
720 1311 825 1351 caris
845 1312 989 1352 amicis

474 1373 561 1412 Aut
581 1374 720 1425 patria
740 1374 913 1415 timidus
932 1376 1078 1427 perire.

782 1588 834 1628 X.

652 1675 889 1727 (Asclepiad
908 1676 962 1727 2.)

254 1771 290 1811 O
311 1771 487 1812 crudelis
507 1771 645 1811 adhuc
665 1776 706 1811 et
726 1772 897 1812 Veneris
917 1773 1159 1813 muneribus
1179 1779 1342 1826 potens,

254 1835 475 1886 Insperata
495 1839 594 1874 tuae
614 1847 709 1873 cum
730 1835 870 1875 veniet
891 1836 1035 1887 pluma
1054 1837 1272 1889 superbiae

252 1898 323 1945 Et,
345 1911 452 1950 quae
471 1910 584 1937 nunc
603 1898 756 1938 umeris
775 1898 1015 1946 involitant,
1037 1900 1267 1942 deciderint
1288 1915 1445 1952 comae,

251 1961 375 2000 Nunc
395 1966 436 2000 et
457 1961 530 2013 qui
549 1962 661 2000 color
680 1966 743 2001 est
764 1962 964 2013 puniceae
984 1964 1083 2003 flore
1103 1965 1215 2016 prior
1234 1978 1363 2013 rosae,

250 2078 453 2125 Mutatus,
478 2078 684 2130 Ligurine,
708 2079 751 2118 in
773 2079 922 2119 faciem
944 2082 1117 2121 verterit
1138 2082 1348 2134 hispidam
1367 2096 1376 2130 ;
1434 2094 1455 2134 5

249 2142 372 2182 Dices
393 2142 401 2155 ‘
420 2142 530 2189 heu,'
552 2142 746 2194 quotiens
767 2147 808 2182 te
828 2145 996 2195 speculo
1016 2145 1169 2185 videris
1189 2146 1380 2193 alterum,

250 2205 259 2219 ‘
278 2204 394 2256 Quae
414 2218 532 2245 mens
551 2210 614 2245 est
633 2205 770 2253 hodie,
792 2219 865 2245 cur
884 2208 1031 2248 eadem
1050 2221 1135 2247 non
1156 2221 1284 2260 puero
1304 2210 1397 2256 fuit,

247 2269 323 2308 Vel
343 2281 415 2308 cur
434 2268 498 2308 his
518 2269 667 2309 animis
686 2270 914 2310 incolumes
933 2284 1018 2311 non
1037 2272 1214 2312 redeunt
1234 2285 1363 2324 genae
1380 2273 1395 2312 ?
1419 2273 1427 2287 ’
