1710 2604
217 199 269 237 40

787 196 960 225 HORACE

427 309 543 359 Quae
563 308 676 359 prius
696 308 878 346 multum
898 308 1029 347 facilis
1049 309 1248 348 movebat

427 373 635 412 Cardines.
697 372 829 411 Audis
849 372 987 411 minus
1007 377 1048 412 et
1069 373 1207 412 minus
1228 373 1311 412 iam
1334 386 1342 414 :

428 437 450 450 “
471 437 536 476 Me
557 441 630 475 tuo
651 436 794 486 longas
815 440 1015 487 pereunte
1035 441 1191 483 noctes,

534 502 679 553 Lydia,
701 502 888 541 dormis?
912 502 933 514 ’'

428 581 613 619 Invicem
633 580 827 619 moechos
847 593 953 619 anus
973 586 1215 633 arrogantes

425 645 561 684 Flebis
579 644 623 683 in
643 644 729 683 solo
750 644 853 683 levis
873 644 1108 696 angiportU‚

423 708 600 747 Thracio
619 708 852 747 bacchante
873 708 1005 759 magis
1024 708 1102 747 sub
1122 709 1248 748 inter-

530 774 644 813 lunia
664 778 805 821 vento,

423 853 528 893 Cum
548 852 625 891 tibi
645 852 824 903 flagrans
844 865 961 892 amor
981 858 1023 892 et
1044 853 1186 899 libido,

423 917 539 968 Quae
560 916 665 955 solet
685 920 841 955 matres
862 916 1014 955 furiare
1034 929 1250 968 equorum,

424 980 589 1019 Saeviet
609 979 716 1018 circa
735 979 846 1018 iecur
865 979 1112 1026 ulcerosum,

529 1043 624 1082 Non
645 1043 732 1082 sine
753 1047 918 1094 questu,

424 1122 555 1161 Laeta
576 1121 690 1172 quod
711 1120 843 1172 pubes
862 1120 1016 1160 hedera
1035 1120 1188 1160 virenti

424 1185 617 1224 Gaudeat
636 1184 752 1235 pulla
772 1184 904 1235 magis
925 1188 1053 1235 atque
1074 1189 1227 1236 myrto,

423 1248 572 1288 Aridas
592 1248 758 1287 frondes
777 1247 925 1287 hiemis
945 1247 1077 1287 sodali

531 1312 705 1351 Dedicet
726 1312 851 1350 Euro.

793 1390 974 1461 XXVI.—

768 1499 819 1550 (A
826 1499 924 1538 lcaz'c
931 1500 953 1550 .)

369 1590 497 1630 Musis
519 1590 689 1635 amicus,
714 1588 930 1628 tristitiam
952 1593 994 1628 et
1017 1596 1155 1628 metus

366 1654 549 1693 Tradam
569 1652 774 1704 protervis
793 1652 835 1690 in
856 1664 970 1691 mare
989 1652 1198 1691 Creticum

422 1718 593 1756 Portare
612 1715 762 1761 ventis,
785 1715 877 1767 quis
897 1715 974 1754 sub
994 1715 1126 1754 Arcto

476 1780 567 1819 Rex
586 1779 743 1831 gelidae
764 1782 981 1818 metuatur
1000 1791 1109 1824 orae,

367 1857 478 1909 Quid
496 1856 710 1896 Tiridaten
732 1860 898 1902 terreat,
918 1855 1038 1894 unice

368 1922 555 1961 Securus.
613 1920 649 1960 O
671 1932 778 1971 quae
799 1918 986 1958 fontibus
1005 1919 1176 1970 integris

422 1984 601 2029 Gaudes,
624 1982 784 2034 apricos
803 1986 924 2021 necte
943 1982 1075 2028 flores,

475 2047 607 2087 Necte
628 2059 720 2086 meo
741 2046 910 2085 Lamiae
933 2058 1141 2092 coronam,

369 2124 544 2177 Pimplei
565 2124 708 2163 dulcis.
767 2123 834 2162 Nil
856 2123 942 2162 sine
964 2127 1005 2162 te
1025 2124 1106 2162 mei

369 2189 551 2228 Prosunt
572 2187 749 2226 honores
771 2198 779 2226 :
811 2186 922 2225 hunc
943 2185 1096 2225 fidibus
1115 2186 1248 2232 novis,

424 2252 548 2291 Hunc
570 2250 720 2290 Lesbio
740 2263 900 2289 sacrare
922 2250 1080 2301 plectro

475 2314 616 2366 Teque
638 2319 815 2365 tuasque
835 2314 953 2352 decet
975 2324 1146 2352 sorores.

1478 659 1527 687 10

1474 991 1521 1032 15

1475 1324 1527 1353 20

1481 2200 1531 2229 10
