1710 2604
804 203 977 231 HORACE

502 315 694 366 Namque
714 328 780 354 me
799 314 904 354 silva
924 314 1046 366 lupus
1066 315 1108 354 in
1129 315 1295 362 Sabina,

502 379 613 417 Dum
632 391 770 417 meam
789 382 914 417 canto
934 379 1113 430 Lalagen
1133 383 1175 418 et
1198 379 1306 418 ultra

499 442 741 481 Terminum
761 441 869 481 curis
888 455 1016 493 vagor
1036 442 1254 494 expeditis,

606 507 730 559 Fugit
749 507 960 554 inermem,

500 584 630 636 Quale
653 590 898 637 portentum
917 599 1051 638 neque
1071 586 1262 626 militaris

502 648 688 688 Daunias
708 649 804 689 latis
824 649 898 688 alit
919 649 1147 695 aesculetis,

499 712 585 751 Nec
607 712 736 752 Iubae
757 713 878 752 tellus
896 718 1078 764 generat,
1100 713 1267 752 leonum

605 776 733 815 Arida
753 777 906 815 nutrix.

503 854 615 893 Pone
635 867 701 893 me
722 854 847 906 pigris
867 854 938 893 ubi
958 854 1072 894 nulla
1091 854 1248 906 campis

499 918 636 957 Arbor
658 918 819 957 aestiva
839 922 1046 957 recreatur
1065 931 1178 964 aura,

498 981 621 1032 Quod
643 982 753 1020 latus
773 982 919 1021 mundi
939 981 1115 1021 nebulae
1134 982 1352 1033 malusque

606 1045 794 1097 Iuppiter
813 1051 962 1096 urguet
981 1057 989 1090 ;

499 1123 610 1162 Pone
630 1123 708 1162 sub
728 1136 850 1162 curru
869 1123 1044 1161 nimium
1065 1122 1287 1174 propinqui

498 1186 602 1226 Solis
622 1186 662 1225 in
685 1190 796 1226 terra
815 1187 1008 1226 domibus
1027 1190 1179 1237 negata
1202 1199 1210 1227 :

499 1253 628 1292 Dulce
649 1253 855 1293 ridentem
875 1254 1055 1304 Lalagen
1076 1252 1240 1299 amabo,

606 1317 736 1357 Dulce
757 1317 1010 1369 loquentem.

811 1461 962 1501 XXIII.

734 1527 968 1580 (Asclepz‘ad
987 1527 1039 1578 5.)

500 1596 618 1635 Vitas
640 1595 837 1634 hinnuleo
856 1607 922 1634 me
942 1594 1097 1640 similis,
1119 1594 1256 1640 Chlo'e',

498 1661 727 1713 Quaerenti
748 1661 945 1713 pavidam
965 1660 1178 1700 montibus
1198 1660 1302 1700 aviis

553 1726 730 1765 Matrem
750 1738 833 1764 non
853 1725 939 1765 sine
959 1737 1068 1764 vano

604 1789 813 1828 Aurarum
833 1792 875 1828 et
895 1788 1025 1828 siluae
1044 1792 1172 1828 metu.

498 1868 609 1907 Nam
629 1879 702 1905 seu
723 1865 947 1905 mobilibus
966 1865 1073 1904 veris
1093 1865 1296 1904 inhorruit

500 1932 718 1972 Adventus
738 1932 856 1978 foliis,
879 1944 950 1971 seu
970 1931 1121 1970 virides
1140 1931 1292 1970 rubum

550 1996 771 2035 Dimovere
792 1996 982 2040 lacertae,

602 2059 658 2098 Et
680 2059 801 2098 corde
821 2063 862 2098 et
882 2058 1055 2110 genibus
1075 2058 1228 2097 tremit.

497 2136 627 2188 Atqui
646 2149 729 2175 non
750 2149 824 2187 ego
845 2140 886 2175 te
906 2135 1022 2187 tigris
1041 2140 1088 2174 ut
1109 2147 1255 2186 aspera

494 2200 750 2239 Gaetulusve
769 2200 832 2238 leo
853 2199 1038 2249 frangere
1058 2210 1279 2249 persequor
1301 2209 1308 2237 :

547 2264 736 2302 Tandem
755 2263 894 2302 desine
915 2266 1094 2301 matrem

603 2329 873 2381 Tempestiva
894 2328 1012 2380 sequi
1031 2328 1132 2367 viro.

1494 391 1543 421 10

1491 1057 1542 1085 20

1486 2209 1537 2237 10
