1710 2604
219 171 293 210 128

787 180 964 209 HORACE

427 281 495 321 Ad
515 293 622 334 quae
642 280 677 320 si
697 292 895 332 properas
915 279 1082 331 gaudia,
1104 291 1200 318 cum
1221 282 1297 318 tua

428 345 560 384 Velox
580 356 715 383 merce
735 343 833 382 veni
855 354 862 383 :
893 355 978 382 non
998 355 1074 394 ego
1095 346 1136 382 te
1157 342 1260 382 meis

429 409 652 448 Inmunem
672 407 854 447 meditor
873 407 1032 458 tingere
1052 406 1225 458 poculis,

483 471 611 510 Plena
631 471 750 510 dives
769 474 817 510 ut
836 470 880 509 in
901 470 1040 509 domo.

427 549 583 588 Verum
603 561 712 600 pone
732 560 871 588 moras
889 552 932 587 et
952 547 1142 587 studium
1162 546 1265 586 lucri
1482 554 1532 596 25

426 613 734 665 Nigrorumque
754 625 926 658 memor,
950 612 1052 652 dum
1071 611 1181 657 licet,
1202 610 1363 662 ignium

427 679 552 719 Misce
571 679 800 719 stultitiam
821 678 1002 718 consiliis
1022 678 1193 718 brevem
1214 689 1223 717 2

481 743 655 783 Dulcest
676 743 862 795 desipere
882 743 925 782 in
945 743 1049 783 loco.

815 881 929 920 XIII.

716 957 767 1009 (A
775 957 954 1009 sclepiad
972 957 1026 1008 5.)

425 1044 649 1090 Audivere,
671 1043 795 1095 Lyce,
818 1043 861 1084 di
880 1055 975 1082 mea
993 1047 1109 1090 vota,
1131 1042 1173 1082 di

424 1107 648 1154 Audivere,
672 1107 782 1159 Lyce
805 1119 813 1147 :
844 1107 893 1146 fis
913 1119 1018 1146 anus
1038 1111 1080 1146 et
1101 1111 1244 1146 tamen

478 1172 552 1212 Vis
571 1171 785 1211 formonsa
803 1171 950 1217 videri,

532 1235 745 1287 Ludisque
765 1239 807 1274 et
828 1234 936 1274 bibis
955 1234 1177 1287 inpudens,

423 1314 480 1353 Et
501 1317 630 1352 cantu
651 1313 830 1352 tremulo
850 1316 954 1364 pota
973 1311 1222 1364 Cupidinem
1505 1319 1528 1360 5

424 1377 606 1416 Lentum
626 1376 838 1415 sollicitas.
899 1376 972 1415 Ille
992 1375 1167 1415 virentis
1185 1379 1228 1415 et

477 1441 638 1480 Doctae
658 1439 833 1491 psallere
854 1438 980 1479 Chiae

531 1503 719 1543 Pulchris
738 1502 922 1542 excubat
940 1503 983 1542 in
1005 1503 1133 1555 genis.

422 1583 682 1633 Inportunus
702 1581 814 1620 enim
835 1581 1071 1620 transvolat
1092 1579 1230 1620 aridas

422 1645 608 1697 Quercus
627 1649 669 1684 et
689 1644 843 1695 refugit
864 1648 918 1690 te,
941 1644 1041 1696 quia
1060 1644 1185 1684 luridi
1478 1653 1528 1682 10

474 1709 634 1748 Dentes
654 1713 709 1754 te,
732 1708 832 1760 quia
851 1720 978 1759 rugae

527 1772 719 1824 Turpant
739 1775 782 1811 et
802 1771 953 1823 capitis
972 1771 1103 1811 nives.

420 1850 508 1889 Nec
528 1849 635 1888 Coae
654 1848 842 1888 referunt
861 1848 946 1888 iam
966 1847 1045 1888 tibi
1065 1860 1275 1900 purpurae

420 1913 507 1953 Nec
527 1913 612 1952 cari
631 1913 792 1964 lapides
812 1916 1017 1964 tempora,
1039 1925 1147 1965 quae
1165 1912 1292 1952 semel

473 1977 596 2016 Notis
616 1977 789 2017 condita
809 1975 930 2016 fastis
1474 1982 1522 2024 15

527 2040 703 2080 Inclusit
724 2040 904 2079 volucris
924 2040 1024 2080 dies.

418 2117 511 2169 Quo
531 2117 639 2169 fugit
659 2130 804 2163 venus,
826 2117 920 2164 heu,
943 2129 1081 2170 quove
1101 2116 1244 2157 color?
1277 2116 1427 2156 decens

418 2182 511 2233 Quo
532 2186 672 2221 motus
689 2181 704 2220 ?
764 2180 876 2232 Quid
894 2180 1025 2220 habes
1044 2181 1166 2228 illius,
1187 2181 1309 2227 illius,

471 2244 587 2296 Quae
607 2244 797 2297 spirabat
818 2257 993 2291 amores,

524 2307 641 2358 Quae
661 2321 727 2347 me
746 2312 969 2360 surpuerat
989 2307 1105 2354 mihi,
1469 2317 1520 2347 20
