1679 2583
681 168 794 196 ODEs
824 169 881 197 Ν.
915 166 975 206 15.

386 268 443 307 Te
462 280 546 307 non
566 267 760 318 paventis
780 267 926 306 funera
947 267 1103 306 Galliae

386 331 608 382 Duraeque
629 331 750 369 tellus
771 330 889 369 audit
910 329 1118 376 Hiberiae,

438 393 495 433 Te
515 393 640 432 caede
660 393 890 444 gaudentes
910 392 1130 444 Sygambri

491 455 726 507 Conpositis
746 460 1000 496 venerantur
1019 455 1156 494 armis.

782 652 868 691 XV.

731 746 782 798 (A
790 746 917 797 lcaic.)

384 844 576 884 Phoebus
595 845 807 884 volentem
826 845 982 896 proelia
1002 858 1067 884 me
1086 845 1201 897 loqui

382 909 526 948 Victas
545 912 587 947 et
607 908 730 947 urbes
749 908 955 959 increpuit
974 909 1076 960 lyra,

435 971 498 1010 Ne
517 984 650 1023 parva
669 971 931 1022 Tyrrhenum
951 984 1023 1023 per
1043 985 1198 1024 aequor

488 1032 590 1073 Vela
610 1034 765 1073 darem.
823 1034 925 1080 Tua,
949 1034 1110 1081 Caesar,
1132 1039 1248 1074 aetas

382 1154 536 1205 Fruges
556 1158 598 1193 et
619 1154 726 1205 agris
745 1155 909 1193 rettulit
929 1154 1076 1194 uberes

381 1217 437 1256 Et
457 1217 576 1267 signa
594 1221 738 1256 nostro
758 1217 943 1256 restituit
965 1217 1057 1256 Iovi

434 1279 619 1331 Derepta
640 1279 892 1319 Parthorum
911 1280 1100 1331 superbis

488 1343 696 1389 Postibus,
719 1347 761 1382 et
781 1356 963 1382 vacuum
984 1344 1131 1384 duellis

381 1463 533 1502 Ianum
553 1463 714 1514 Quirini
734 1463 882 1502 clausit
902 1468 945 1502 et
965 1464 1153 1503 ordinem

381 1525 562 1565 Rectum
581 1527 779 1577 evaganti
798 1526 916 1565 frena
933 1527 1127 1566 licentiae

434 1588 583 1627 Iniecit
602 1589 843 1641 emovitque
864 1590 1006 1641 culpas

486 1652 543 1690 Et
563 1656 725 1691 veteres
744 1652 960 1692 revocavit
981 1657 1103 1699 artes,

381 1771 459 1810 Per
478 1784 583 1823 quas
603 1771 802 1810 Latinum
821 1785 974 1811 nornen
994 1777 1037 1811 et
1058 1773 1191 1812 Italae

380 1834 553 1873 Crevere
573 1834 681 1874 vires
701 1834 897 1887 famaque
917 1839 960 1874 et
979 1835 1127 1887 imperi

434 1897 630 1936 Porrecta
649 1898 846 1937 maiestas
867 1898 921 1938 ad
941 1903 1081 1938 ortum

487 1959 591 1999 Solis
611 1959 665 1999 ab
686 1960 888 2011 Hesperio
909 1961 1047 2000 cubili.

379 2073 562 2113 Custode
581 2086 719 2113 rerum
739 2074 911 2114 Caesare
932 2088 1015 2114 non
1036 2076 1151 2115 furor

380 2135 521 2175 Civilis
541 2140 616 2175 aut
635 2136 699 2176 vis
718 2137 874 2176 eximet
895 2137 1042 2185 otium,

433 2198 528 2237 Non
548 2198 621 2245 ira,
644 2212 751 2250 quae
771 2200 965 2250 procudit
985 2213 1103 2240 enses

486 2264 543 2304 Et
563 2265 734 2305 miseras
753 2265 943 2305 inimicat
962 2266 1098 2306 urbes.

1410 170 1478 207 131

1431 339 1480 379 50

1432 1540 1480 1567 10

1431 1911 1477 1951 15

1429 2279 1480 2307 20
