1700 2573
700 164 811 193 ODEs
842 166 867 193 1.
901 155 960 193 16.

395 274 601 313 Iracunda
620 275 730 314 diem
750 276 928 326 proferet
950 276 1025 315 Ilio

393 337 675 388 Matronisque
696 338 907 390 Phyrgum
928 339 1066 378 classis
1085 338 1256 378 Achillei
1276 351 1284 384 ;

393 398 492 438 Post
512 405 644 439 certas
662 401 817 440 hiemes
837 406 928 440 uret
947 402 1152 441 Achaicus

445 462 557 513 Ignis
576 463 821 515 Pergameas
841 464 1028 504 domos.’'

776 602 882 641 XVI.

737 668 787 718 (A
795 668 920 719 lcaz'c.)

388 732 424 771 O
444 738 578 772 matre
597 734 769 784 pulchra
789 734 871 772 filia
892 735 1110 785 pulchrior,

390 794 523 846 Quem
543 797 770 836 criminosis
790 810 966 848 cumque
986 799 1098 837 voles
1118 799 1290 837 modum

442 859 574 898 Pones
595 860 755 906 iambis,
776 860 862 899 sive
883 861 1052 900 flamma

495 923 589 962 Sive
608 924 713 962 mari
732 924 832 962 libet
854 924 1082 963 Hadriano.

387 998 481 1037 Non
503 1000 777 1050 Dindymene,
799 1013 881 1039 non
903 1001 1041 1051 adytis
1061 1001 1200 1051 quatit

388 1062 571 1101 Mentem
591 1064 853 1102 sacerdotum
873 1063 1006 1102 incola
1027 1064 1216 1114 Pythius,

440 1125 536 1164 Non
556 1126 678 1165 Liber
697 1139 840 1177 aeque,
862 1139 945 1165 non
966 1132 1090 1165 acuta

494 1188 558 1227 Sic
578 1189 790 1239 geminant
811 1189 1070 1240 Corybantes
1090 1202 1197 1234 aera,

389 1264 546 1305 Tristes
565 1271 613 1305 ut
633 1266 728 1312 irae,
751 1279 854 1317 quas
873 1280 1006 1318 neque
1025 1267 1199 1306 Noricus

387 1328 576 1368 Deterret
597 1330 703 1368 ensis
722 1342 796 1368 nec
816 1343 929 1368 mare
948 1330 1198 1381 naufragum

438 1391 524 1431 Nec
544 1405 692 1431 saevus
711 1392 815 1444 ignis
834 1406 908 1432 nec
929 1393 1147 1432 tremendo

492 1456 681 1507 Iuppiter
700 1457 785 1507 ipse
806 1470 928 1495 ruens
949 1457 1147 1496 tumultu.

386 1532 534 1571 Fertur
553 1532 825 1572 Prometheus
845 1534 996 1572 addere
1016 1534 1189 1586 principi

385 1595 504 1634 Limo
523 1601 692 1635 coactus
712 1597 960 1647 particulam
980 1597 1164 1649 undique

436 1659 657 1698 Desectam
676 1664 718 1698 et
737 1660 870 1698 insani
890 1660 1018 1699 leonis

488 1723 583 1762 Vim
604 1723 820 1762 stomacho
841 1724 1080 1774 adposuisse
1100 1730 1256 1764 nostro.

384 1800 475 1838 Irae
494 1799 705 1851 Thyesten
724 1800 851 1839 exitio
870 1801 987 1851 gravi

383 1863 587 1909 Stravere,
609 1867 650 1902 et
670 1863 764 1902 altis
783 1863 954 1903 urbibus
975 1864 1146 1903 ultimae

435 1928 594 1967 Stetere
614 1941 773 1975 causae,
795 1942 867 1968 cur
886 1930 1068 1981 perirent

488 1994 694 2034 Funditus
714 1995 1037 2047 inprimeretque
1057 1997 1186 2036 muris

382 2068 544 2107 Hostile
564 2073 749 2107 aratrum
769 2069 974 2108 exercitus
992 2069 1181 2110 insolens.

380 2131 586 2182 Conpesce
605 2136 789 2171 mentem
807 2144 816 2178 ;
845 2145 911 2171 me
932 2145 1097 2184 quoque
1117 2134 1297 2184 pectoris

433 2194 675 2246 Temptavit
696 2195 737 2233 in
758 2196 867 2234 dulci
887 2196 1059 2235 iuventa

486 2258 640 2297 Fervor
658 2263 699 2297 et
720 2259 762 2297 in
781 2260 930 2298 celeres
951 2259 1113 2299 iambos

274 2335 375 2364 HOR.
403 2336 516 2364 1.-1V.

1429 166 1479 204 33

1429 411 1478 450 35

1430 1342 1479 1369 10

1423 2009 1474 2037 20
