1710 2604
296 200 346 239 94

866 201 1041 230 HORACE

512 300 671 339 Aurum
693 313 765 351 per
785 301 944 341 medios
964 301 1022 340 ire
1041 303 1242 341 satellites

510 364 564 403 Et
586 377 852 415 perrumpere
873 369 989 403 amat
1009 378 1124 411 saxa,
1146 366 1362 416 potentius

511 427 605 466 Ictu
625 427 826 466 fulmineo
849 440 855 466 :
888 428 1070 468 concidit
1091 430 1259 480 auguris

562 490 706 541 Argivi
727 491 890 537 domus,
913 491 967 530 ob
987 492 1150 530 lucrum

509 606 709 645 Demersa
728 607 858 646 exitio
878 619 885 653 ;
917 607 1070 646 diffidit
1091 607 1257 647 urbium

510 669 657 708 Portas
677 670 741 709 vir
761 670 936 709 Macedo
956 675 998 710 et
1018 670 1183 710 subruit
1205 672 1390 711 aemulos

509 732 642 783 Reges
662 733 905 772 muneribus
925 745 932 779 ;
965 746 1139 772 munera
1158 734 1332 773 navium

561 795 982 848 Saevos-inlaqueant
1003 797 1142 836 duces.

507 912 769 951 Crescentem
789 913 979 964 sequitur
999 926 1098 951 cura
1118 913 1339 964 pecuniam

507 975 796 1027 Maiorumque
817 976 960 1015 fames.
1022 976 1116 1015 Iure
1136 977 1353 1027 perhorrui

509 1040 612 1079 Late
633 1040 905 1091 conspicuum
927 1041 1069 1079 tollere
1090 1040 1303 1087 verticem,

561 1103 790 1149 Maecenas,
813 1103 1005 1154 equitum
1025 1103 1164 1142 decus.

506 1219 676 1270 Quanto
696 1219 873 1270 quisque
893 1218 971 1257 sibi
991 1220 1112 1270 plura
1132 1220 1361 1270 negaverit,

506 1282 572 1321 Ab
592 1283 656 1321 dis
676 1283 796 1333 plura
817 1282 921 1321 feret
945 1294 951 1320 :
984 1283 1041 1321 nil
1061 1283 1322 1333 cupientium

506 1346 655 1384 Nudus
676 1350 814 1384 castra
834 1350 933 1396 peto
953 1350 995 1384 et
1017 1346 1235 1397 transfuga
1255 1346 1435 1385 divitum

561 1409 707 1449 Partes
726 1409 912 1460 linquere
932 1409 1077 1459 gestio,

505 1525 783 1576 Contemptae
804 1525 999 1564 dominus
1019 1525 1275 1576 splendidior
1294 1525 1363 1571 rei,

505 1589 642 1640 Quam
663 1588 708 1634 si,
731 1588 939 1639 quidquid
959 1593 1051 1626 arat
1072 1588 1232 1639 inpiger
1252 1589 1425 1640 Apulus,

505 1652 726 1691 Occultare
746 1651 848 1690 meis
869 1651 1025 1689 dicerer
1045 1651 1214 1697 horreis,

559 1715 732 1766 Magnas
752 1715 861 1753 inter
880 1728 979 1765 opes
1001 1715 1132 1766 inops.

506 1827 639 1865 Purae
659 1825 774 1864 rivus
794 1838 929 1876 aquae
949 1825 1138 1876 silvaque
1160 1825 1349 1876 iugerum

505 1890 740 1928 Paucorum
761 1893 802 1927 et
823 1889 974 1939 segetis
993 1893 1108 1927 certa
1128 1888 1230 1927 fides
1250 1901 1366 1928 meae

506 1953 753 2003 Fulgentem
775 1952 949 2003 imperio
970 1951 1116 1990 fertilis
1137 1951 1300 1990 Africae

560 2016 683 2054 Fallit
704 2020 815 2055 sorte
836 2015 1011 2054 beatior.

506 2126 775 2177 Quamquam
795 2138 871 2164 nec
891 2125 1090 2164 Calabrae
1111 2126 1234 2164 mella
1255 2125 1394 2165 ferunt
1415 2139 1526 2177 apes,

506 2190 593 2228 Nec
614 2189 916 2240 Laestrygonia
937 2188 1128 2227 Bacchus
1148 2188 1190 2227 in
1211 2188 1414 2239 amphora

508 2253 757 2304 Languescit
778 2252 892 2297 mihi,
915 2264 990 2290 nec
1011 2252 1182 2303 pinguia
1203 2251 1370 2291 Gallicis

561 2316 760 2356 Crescunt
781 2316 934 2355 vellera
954 2315 1119 2367 pascuis
1138 2327 1146 2362 ;

1562 379 1613 406 10

1564 746 1610 785 15

1561 1116 1612 1144 20

1559 1901 1610 1939 30

1559 2260 1609 2302 35
