1679 2583
670 149 782 177 ODEs
811 148 868 178 1v.
901 151 937 190 9.
1384 152 1458 190 123

362 245 456 285 Non
477 245 668 287 incendia
688 247 950 300 Carthaginis
968 248 1106 300 inpiae

360 308 475 355 Eius,
498 311 569 361 qui
589 311 751 351 domita
769 325 922 351 nomen
943 312 996 351 ab
1016 313 1157 351 Africa

360 371 565 413 Lucratus
584 374 720 421 rediit,
742 375 891 414 clarius
911 375 1099 415 indicant

359 435 522 477 Laudes
542 450 670 489 quarn
691 438 890 478 Calabrae
911 439 1092 479 Pierides
1111 452 1259 490 neque,
1406 450 1457 479 20

357 528 400 568 Si
419 530 589 570 chartae
608 531 758 570 sileant
778 532 892 583 quod
912 532 1016 571 bene
1035 532 1192 578 feceris,

356 592 588 633 Mercedem
609 595 763 634 tuleris.
822 595 933 646 Quid
952 595 1059 634 foret
1082 596 1182 635 Iliae

355 655 640 709 Mavortisque
660 671 775 709 puer,
797 658 831 697 si
851 658 1119 698 taciturnitas

354 719 554 760 Obstaret
573 721 732 760 meritis
751 721 896 761 invida
917 721 1086 760 Romuli
1103 721 1118 760 ?

352 814 558 867 Ereptum
579 815 733 866 Stygiis
753 815 950 854 fluctibus
970 815 1156 854 Aeacum
1401 827 1423 855 2
1428 825 1450 864 5

352 877 496 918 Virtus
515 882 558 917 et
578 878 698 917 favor
717 882 759 917 et
778 877 920 929 lingua
939 878 1178 929 potentium

351 940 510 980 Vatum
530 941 734 980 divitibus
754 944 968 980 consecrat
987 940 1144 979 insulis.

354 1004 554 1056 [Dignum
573 1004 696 1044 laude
715 1004 853 1042 virum
874 1004 994 1043 Musa
1012 1008 1132 1043 vetat
1153 1004 1258 1043 mori
1281 1004 1307 1054 :]

350 1067 473 1107 Caelo
493 1067 612 1106 Musa
632 1067 743 1106 beat.
801 1067 867 1106 Sic
889 1067 1001 1106 Iovis
1020 1067 1195 1107 interest

350 1160 521 1211 Optatis
540 1160 672 1211 epulis
691 1159 851 1210 inpiger
871 1159 1082 1205 Hercules,
1397 1170 1449 1208 30

349 1223 515 1263 Clarum
534 1223 800 1274 Tyndaridae
820 1223 934 1262 sidus
954 1222 1008 1261 ab
1027 1222 1181 1261 infimis

348 1286 530 1338 Quassas
549 1286 732 1337 eripiunt
752 1285 1002 1337 aequoribus
1021 1289 1145 1331 rates,

351 1350 551 1401 [Ornatus
570 1350 695 1390 viridi
715 1354 906 1400 tempora
924 1349 1140 1400 pampino]

347 1413 471 1453 Liber
489 1418 592 1454 vota
610 1413 742 1453 bonos
762 1413 879 1453 ducit
900 1413 954 1452 ad
973 1413 1124 1452 exitus.

751 1608 824 1648 IX.

694 1687 882 1740 (Alcaic.)

344 1777 408 1817 Ne
427 1777 535 1817 forte
555 1777 699 1816 credas
717 1777 940 1816 interitura
959 1788 1067 1828 quae

344 1841 483 1892 Longe
503 1845 724 1880 sonantem
743 1844 869 1879 natus
889 1840 944 1880 ad
962 1839 1163 1880 Aufidum

396 1904 493 1943 Non
512 1907 611 1943 ante
631 1904 823 1954 volgatas
842 1915 914 1954 per
934 1906 1045 1942 artes

448 1967 586 2006 Verba
605 1967 753 2019 loquor
771 1966 969 2006 socianda
988 1965 1153 2005 chordis
1175 1977 1182 2004 :

341 2059 449 2105 Non,
472 2060 505 2099 si
525 2060 680 2111 priores
700 2059 914 2099 Maeonius
935 2063 1051 2098 tenet
1414 2065 1437 2106 5

343 2123 467 2163 Sedes
487 2123 706 2169 Homerus,
730 2123 973 2162 Pindaricae
993 2123 1128 2161 latent

394 2186 580 2238 Ceaeque
600 2191 642 2226 et
662 2187 803 2226 Alcaei
822 2187 1004 2225 minaces

447 2249 752 2303 Stesichorique
772 2262 919 2301 graves
939 2248 1143 2288 Camenae
1163 2259 1172 2294 ;
