1679 2583
630 166 743 195 ODEs
772 166 835 195 111.
866 166 902 205 3.

328 267 420 305 Iam
439 278 514 304 nec
535 266 748 304 Lacaenae
767 265 958 316 splendet
979 265 1192 303 adulterae

328 329 529 368 Famosus
548 328 698 380 hospes
717 341 793 367 nec
815 329 968 367 Priami
989 329 1137 367 domus

381 391 550 430 Periura
569 404 778 443 pugnaces
798 392 980 430 Achivos

434 454 651 493 Hectoreis
670 454 821 505 opibus
840 453 1040 504 refringit,

327 568 573 619 Nostrisque
594 569 769 607 ductum
789 568 1064 608 seditionibus

327 631 490 670 Bellum
509 631 674 670 resedit.
734 631 929 670 Protinus
949 636 991 669 et
1011 642 1159 681 graves

380 695 469 733 Iras
488 699 529 733 et
549 694 733 733 invisum
752 698 962 745 nepotem,

432 756 579 795 Troica
598 769 723 808 quem
744 757 906 808 peperit
926 756 1131 802 sacerdos,

327 871 452 910 Marti
471 871 683 910 redonabo
703 884 711 918 ;
741 872 859 910 illum
880 884 955 922 ego
975 871 1134 909 lucidas

329 934 438 973 Inire
457 935 588 980 sedes,
611 935 760 975 ducere
779 934 959 973 nectaris

382 996 510 1036 Sucos
530 1001 572 1036 et
593 997 773 1037 adscribi
793 997 945 1048 quietis

434 1059 661 1099 Ordinibus
682 1060 820 1111 patiar
839 1060 1025 1100 deorum.

328 1174 441 1212 Dum
460 1175 607 1224 longus
627 1174 736 1213 inter
755 1174 916 1213 saeviat
938 1174 1044 1212 Ilion

327 1236 590 1287 Romamque
610 1240 778 1287 pontus,
801 1237 990 1288 qualibet
1010 1237 1172 1275 exsules

382 1299 430 1337 In
450 1303 794 1350 partev‘regnanto
813 1299 928 1338 beati
948 1311 956 1345 ;

434 1361 548 1399 Dum
570 1361 724 1400 Priami
745 1361 989 1412 Paridisque
1008 1362 1134 1400 busto

329 1477 508 1516 Insultet
529 1481 767 1516 armentum
787 1481 830 1516 et
850 1477 1011 1515 catulos
1032 1476 1141 1514 ferae

327 1539 471 1578 Celent
490 1539 662 1585 inultae,
685 1544 769 1578 stet
789 1538 1043 1590 Capitolium

380 1601 559 1652 Fulgens
579 1602 935 1653 triumphatisque
954 1602 1086 1653 possit

435 1665 571 1703 Roma
591 1665 708 1704 ferox
728 1665 826 1705 dare
847 1665 937 1703 iura
958 1664 1101 1703 Medis.

327 1779 547 1819 Horrenda
566 1780 651 1818 late
671 1792 824 1818 nomen
844 1780 886 1817 in
906 1779 1077 1818 ultimas

327 1843 544 1883 Extendat
564 1855 669 1889 oras,
692 1855 776 1894 qua
795 1843 957 1881 medius
978 1842 1114 1893 liquor

381 1904 565 1944 Secernit
585 1905 782 1956 Europen
803 1905 857 1943 ab
877 1905 992 1950 Afro,

434 1967 526 2018 Qua
547 1967 734 2007 tumidus
754 1968 861 2018 rigat
883 1980 985 2006 arva
1004 1967 1137 2013 Nilus,

327 2078 489 2116 Aurum
508 2077 766 2128 inrepertum
785 2082 828 2116 et
847 2077 905 2116 sic
925 2077 1071 2116 melius
1091 2076 1233 2122 situm,

328 2139 432 2178 Cum
452 2144 563 2179 terra
582 2140 702 2185 celat,
724 2152 916 2191 spernere
936 2139 1084 2178 fortior

380 2202 518 2253 Quam
538 2214 681 2253 cogere
701 2202 907 2241 humanos
927 2203 970 2241 in
990 2215 1090 2241 usus

435 2264 568 2304 Omne
588 2278 753 2304 sacrum
772 2265 961 2318 rapiente
981 2265 1143 2305 dextra.

1373 275 1421 314 25

1376 639 1426 676 30

1375 1003 1425 1043 35

1376 1367 1430 1406 40

1384 1789 1434 1827 45

1376 2148 1428 2187 50
