1710 2604
203 170 255 211 60

773 175 946 209 HORACE

835 336 886 376 x.

729 448 922 499 (Sapphic
944 448 995 498 1.)

422 559 593 598 Rectius
613 559 742 605 vives,
764 558 906 605 Licini,
929 571 1063 610 neque
1083 558 1216 597 altum

421 622 591 674 Semper
610 623 824 674 urguendo
844 635 991 674 neque,
1014 622 1115 661 dum
1136 621 1334 672 procellas

419 685 577 725 Cautus
597 686 809 731 horrescis,
831 686 1006 724 nimium
1028 684 1253 736 premendo

474 750 592 789 Litus
612 750 814 801 iniquum.

419 847 600 899 Au'ream
621 860 809 912 quisquis
830 860 1163 899 mediocritatem

420 923 577 975 Diligit,
600 928 719 963 tutus
740 928 853 963 caret
873 923 1050 962 obsoleti

420 987 619 1027 Sordibus
639 988 752 1034 tecti,
774 992 886 1027 caret
907 986 1134 1026 invidenda

474 1051 644 1091 Sobrius
664 1052 770 1090 aula.

420 1162 593 1214 Saepius
613 1162 751 1201 ventis
771 1162 956 1213 agitatur
976 1161 1120 1212 ingens

422 1226 549 1265 Pinus
569 1231 611 1265 et
632 1226 762 1265 celsae
782 1226 969 1277 graviore
989 1238 1088 1264 casu

422 1290 632 1329 Decidunt
654 1294 787 1328 turres
807 1289 1044 1340 feriuntque
1065 1300 1251 1327 summos

475 1353 656 1404 Fulgura
674 1356 850 1391 montes.

423 1464 571 1515 Sperat
591 1463 765 1509 infestis,
787 1462 938 1501 metuit
958 1461 1148 1501 secundis

422 1528 609 1567 Alteram
629 1531 783 1565 sortem
802 1526 907 1564 bene
927 1529 1223 1577 praeparatum

424 1592 586 1630 Pectus.
646 1590 849 1629 Informes
868 1589 1023 1628 hiemes
1042 1588 1202 1628 reducit

478 1654 649 1706 Iupiter,
671 1653 781 1692 idem

425 1764 668 1804 Submovet.
727 1763 836 1809 Non,
858 1763 891 1802 si
911 1763 1018 1801 male
1037 1774 1160 1808 nunc,
1182 1766 1223 1800 et
1244 1762 1343 1800 olim

427 1829 492 1868 Sic
512 1828 589 1867 erit
612 1840 619 1867 :
651 1827 865 1879 quondam
885 1826 1046 1866 cithara
1067 1830 1276 1865 tacentem

426 1892 608 1932 Suscitat
629 1892 791 1930 Musam
811 1903 945 1941 neque
965 1902 1130 1941 semper
1149 1901 1291 1928 arcum

479 1955 631 1994 Tendit
652 1954 813 2005 Apollo.

429 2066 568 2105 Rebus
588 2064 774 2116 angustis
794 2063 1004 2102 animosus
1024 2068 1152 2115 atque

427 2129 562 2168 Fortis
582 2129 736 2179 adpare
756 2139 764 2174 ;
795 2127 1004 2178 sapienter
1024 2126 1134 2165 idem

426 2191 655 2232 Contrahes
675 2195 802 2230 vento
823 2190 997 2228 nimium
1018 2189 1199 2228 secundo

478 2255 660 2306 Turgida
680 2254 784 2293 vela.

1471 1234 1522 1264 10

1472 1962 1523 1991 20
