1710 2604
785 189 960 217 HORACE

428 297 655 336 Tantalum
677 301 804 348 atque
824 296 992 336 Tantali

482 360 622 399 Genus
642 360 847 406 cohercet,
868 360 936 399 hic
956 361 1093 400 levare
1114 360 1307 399 functum

430 423 661 474 Pauperem
682 423 895 463 laboribus

481 486 666 526 Vocatus
686 491 814 538 atque
834 499 918 527 non
939 491 1116 526 vocatus
1136 486 1269 526 audit.

816 693 924 732 XIX.

777 803 964 855 (Alcaic.)

425 915 639 954 Bacchum
659 915 702 953 in
723 915 894 954 remotis
914 915 1100 954 carmina
1120 915 1294 966 rupibus

425 978 520 1018 Vidi
540 979 774 1024 docentem,
797 978 954 1018 credite
974 979 1142 1030 posteri,

478 1042 783 1094 Nymphasque
804 1042 1011 1081 discentes
1031 1046 1073 1081 et
1094 1055 1214 1082 aures

532 1105 812 1157 Capripedum
835 1105 1082 1156 Satyrorum
1103 1109 1263 1145 acutas.

424 1215 583 1262 Euhoe,
606 1215 762 1255 recenti
782 1228 900 1254 mens
921 1215 1106 1267 trepidat
1127 1219 1256 1261 metu,

424 1279 636 1331 Plenoque
658 1279 813 1318 Bacchi
834 1283 1000 1330 pectore
1021 1278 1238 1318 turbidum

479 1342 694 1381 Laetatur.
753 1342 913 1387 Euhoe,
936 1354 1058 1392 parce
1080 1341 1214 1387 Liber,

530 1406 669 1451 Parce,
692 1405 810 1456 gravi
832 1405 1056 1444 metuende
1078 1404 1236 1455 thyrso.

424 1516 504 1555 Fas
525 1515 762 1567 pervicaces
782 1520 845 1554 est
866 1514 968 1554 mihi
988 1514 1202 1565 Thyiadas

423 1579 601 1631 Vinique
622 1579 784 1618 fontem
805 1578 925 1617 lactis
945 1582 987 1617 et
1008 1578 1155 1617 uberes

475 1642 655 1681 Cantare
676 1642 788 1680 rivos
808 1647 937 1693 atque
958 1640 1117 1680 truncis

530 1706 669 1757 Lapsa
689 1705 804 1745 cavis
824 1705 974 1744 iterare
994 1705 1116 1744 mella
1138 1716 1144 1750 ;

424 1816 503 1855 Fas
523 1820 566 1855 et
586 1815 736 1855 beatae
757 1815 943 1866 coniugis
963 1815 1157 1854 additum

423 1879 561 1919 Stellis
580 1879 781 1919 honorem
803 1883 1000 1930 tectaque
1022 1877 1197 1917 Penthei

477 1943 662 1982 Disiecta
682 1955 765 1982 non
787 1942 868 1981 leni
888 1942 1009 1981 ruina

529 2006 701 2046 Thracis
721 2010 762 2045 et
784 2006 960 2045 exitium
983 2005 1173 2057 Lycurgi.

423 2117 487 2156 Tu
507 2116 638 2155 flectis
659 2129 815 2161 amnes,
839 2120 886 2156 tu
907 2128 1020 2154 mare
1041 2115 1283 2162 barbarum,

424 2180 487 2218 Tu
507 2180 711 2231 separatis
731 2179 884 2218 uvidus
904 2179 946 2217 in
968 2179 1072 2230 iugis

477 2243 600 2282 Nodo
620 2243 812 2282 coherces
833 2242 1021 2294 viperino

532 2305 799 2345 Bistonidum
820 2306 906 2345 sine
927 2306 1073 2345 fraude
1094 2305 1238 2344 crines.

1479 497 1532 537 40

1484 1589 1532 1616 10

1480 1951 1526 1989 15

1477 2316 1527 2344 20
