1679 2583
682 182 794 213 oDEs
824 184 886 213 111.
917 184 955 224 7.

381 282 550 322 Portare
571 284 713 330 fustes,
735 284 795 323 sol
814 283 887 322 ubi
907 284 1113 323 montium

379 346 561 385 Mutaret
581 347 751 386 umbras
770 351 812 386 et
831 347 928 397 iuga
947 347 1131 386 demeret

431 409 574 449 Bobus
594 411 781 462 fatigatis
801 411 982 449 amicum

482 472 663 524 Tempus
684 486 808 524 agens
829 473 1009 512 abeunte
1030 484 1164 516 curru?

378 549 590 588 Damnosa
610 551 712 601 quid
730 563 814 588 non
834 549 1030 588 inminuit
1050 547 1168 589 dies?

376 613 504 651 Aetas
523 618 758 663 parentum,
780 614 895 664 peior
913 613 1016 657 avis,
1038 612 1135 651 tulit

430 676 516 715 Nos
534 677 763 728 nequiores,
786 689 885 715 mox
904 676 1078 715 daturos

484 740 725 791 Progeniem
745 739 1013 779 vitiosiorem.

770 883 860 922 VII.

662 960 896 1011 (Asclepiad
914 959 968 1009 5.)

375 1041 485 1092 Quid
505 1043 588 1087 fles,
611 1042 783 1088 Asterie,
805 1055 931 1093 quem
951 1041 1028 1080 tibi
1048 1040 1216 1081 candidi

377 1104 514 1144 Primo
534 1106 755 1144 restituent
776 1118 871 1144 vere
892 1105 1066 1144 Favonii

427 1168 576 1218 Thyna
596 1181 729 1207 merce
749 1168 933 1214 beatum,

481 1231 720 1270 Constantis
740 1232 933 1270 iuvenem
953 1231 1046 1276 fide,

375 1307 519 1358 Gygen
536 1307 551 1346 ?
612 1308 685 1346 Ille
705 1308 827 1347 Notis
847 1313 965 1347 actus
985 1308 1040 1346 ad
1060 1307 1228 1346 Oricum

376 1371 474 1410 Post
494 1371 641 1410 insana
661 1371 818 1422 Caprae
837 1372 972 1411 sidera
991 1371 1160 1422 frigidas

427 1434 581 1473 Noctes
600 1447 682 1472 non
704 1435 790 1473 sine
810 1435 954 1473 multis

482 1497 688 1536 Insomnis
707 1498 885 1536 lacrimis
906 1497 1004 1548 agit.

374 1574 503 1624 Atqui
524 1574 722 1613 sollicitae
742 1574 915 1613 nuntius
934 1574 1137 1625 hospitae,

374 1636 587 1686 Suspirare
608 1637 761 1675 Chloen
782 1642 823 1675 et
843 1637 1037 1676 miseram
1057 1637 1140 1675 tuis

427 1699 578 1738 Dicens
597 1700 761 1750 ignibus
781 1700 856 1745 uri,

479 1757 678 1812 Temptat
699 1763 809 1801 mille
828 1762 946 1801 vafer
964 1762 1111 1801 modis.

374 1839 433 1878 Ut
454 1838 651 1878 Proetum
671 1840 818 1877 mulier
837 1839 994 1889 perfida
1015 1839 1228 1877 credulum

375 1901 504 1940 Falsis
523 1902 719 1953 inpulerit
740 1902 980 1940 criminibus
999 1902 1122 1940 nimis

427 1964 551 2004 Casto
572 1965 918 2016 Bellerophontae

480 2027 690 2066 Maturare
710 2041 853 2066 necem
872 2027 997 2066 refert
1017 2040 1025 2074 ;

374 2104 527 2143 Narrat
548 2117 678 2154 paene
698 2105 847 2144 datum
868 2104 989 2143 Pelea
1008 2104 1196 2150 Tartaro,

1419 556 1469 598 45

1418 1647 1468 1675 10

1419 1973 1467 2013 15

375 2167 634 2217 Magnessam
655 2168 914 2218 Hippolyten
935 2168 1036 2206 dum
1056 2168 1163 2218 fugit
1184 2167 1397 2206 abstinens
1416 2178 1424 2213 ;

427 2231 483 2269 Et
503 2243 672 2281 peccare
692 2231 888 2270 docentes

482 2293 625 2332 Fallax
644 2293 838 2333 historias
858 2300 999 2333 movet

1417 2303 1467 2331 20
