1710 2604
249 158 298 199 52

807 165 980 196 HORACE

451 277 605 317 Audire
626 291 798 330 magnos
819 279 901 317 iarn
922 279 1065 318 videor
1084 278 1222 325 duces,

451 341 545 380 Non
566 342 758 382 indecoro
779 343 947 394 pulvere
967 343 1165 388 sordidos,

505 405 560 444 Et
581 410 733 445 cuncta
753 410 956 445 terrarum
977 406 1151 445 subacta

557 469 725 508 Praeter
745 474 928 509 atrocem
949 470 1136 508 animum
1156 468 1337 508 Catonis.

450 546 569 593 Iuno,
591 552 632 586 et
653 547 826 586 deorum
847 547 1034 599 quisquis
1054 547 1224 586 amicior

447 609 558 649 Afris
578 610 712 650 inulta
731 616 908 650 cesserat
929 611 1123 662 inpotens

500 673 672 721 Tellure,
696 675 902 715 victorum
922 679 1096 726 nepotes

553 738 734 778 Rettulit
755 739 921 778 inferias
944 738 1184 790 Iugurthae.

446 813 547 865 Quis
567 828 650 854 non
672 816 823 855 Latino
843 816 1042 867 sanguine
1063 816 1254 867 pinguior

445 877 627 930 Campus
646 880 844 931 sepulcris
864 880 978 931 inpia
997 880 1152 931 proelia

496 942 693 983 Testatur
712 944 988 995 auditumque
1009 944 1140 983 Medis

550 1007 773 1059 Hesperiae
793 1008 978 1047 sonitum
998 1008 1141 1047 ruinae
1159 1007 1174 1046 ?

442 1083 522 1134 Qui
541 1097 687 1136 gurges
707 1090 780 1124 aut
801 1098 908 1137 quae
928 1086 1106 1124 flumina
1126 1086 1309 1136 lugubris

443 1147 592 1198 Ignara
612 1148 706 1187 belli
723 1149 738 1187 Ρ
770 1150 883 1200 quod
903 1162 1016 1188 mare
1037 1149 1226 1188 Dauniae

494 1211 590 1250 Non
610 1212 898 1252 decoloravere
919 1213 1064 1252 caedes
1081 1212 1095 1251 Ρ

546 1274 662 1326 Quae
682 1281 793 1315 caret
814 1290 886 1315 ora
905 1289 1047 1315 cruore
1067 1282 1209 1315 nostro
1226 1276 1240 1315 ?

439 1352 520 1391 Sed
539 1365 590 1391 ne
611 1353 775 1400 relictis,
799 1355 917 1393 Musa
937 1367 1103 1405 procax,
1126 1354 1225 1393 iocis

440 1415 543 1455 Ceae
563 1421 762 1456 retractes
782 1430 955 1456 munera
976 1417 1134 1463 neniae,

495 1480 658 1519 Mecum
680 1481 866 1520 Dionaeo
886 1481 963 1520 sub
984 1485 1104 1520 antro

543 1543 702 1595 Quaere
724 1545 870 1584 modos
889 1545 1042 1584 leviore
1063 1545 1229 1596 plectro.

739 1655 933 1781 (agite
966 1731 1016 1780 Ι.)

438 1815 588 1854 Nullus
608 1820 780 1866 argento
800 1816 910 1854 color
930 1820 991 1855 est
1013 1816 1149 1855 avaris

439 1878 595 1918 Abdito
616 1879 747 1925 terris,
769 1879 932 1918 inimice
953 1879 1115 1918 lamnae

439 1944 578 1996 Crispe
599 1944 780 1991 Sallusti,
802 1945 880 1984 nisi
901 1950 1134 1996 temperato

485 2010 709 2061 Splendeat
730 2025 819 2051 usu.

431 2089 553 2128 Vivet
574 2094 745 2128 extento
767 2090 1003 2129 Proculeius
1023 2103 1140 2134 aevo,

430 2152 566 2192 Notus
585 2153 627 2192 in
647 2153 795 2192 fratres
816 2153 943 2192 animi
964 2153 1128 2204 paterni
1151 2165 1159 2191 ε

431 2216 553 2254 Illum
573 2222 667 2268 aget
688 2217 817 2268 pinna
838 2221 1051 2256 metuente
1071 2217 1176 2256 solvi

493 2279 624 2320 Fama
644 2285 862 2333 superstes

1491 891 1542 930 30

1487 1222 1536 1262 35

1483 1557 1535 1596 40
