1710 2604
198 159 267 198 [08

761 168 937 197 HORACE

403 269 466 308 Tu
486 269 704 308 civitatem
724 269 818 319 quis
837 269 984 309 deceat
1004 274 1143 310 status

403 332 531 372 Curas
551 337 593 371 et
614 331 719 371 Urbi
738 332 940 371 sollicitus
961 333 1096 379 times,

456 395 567 446 Quid
588 395 705 434 Seres
725 400 767 434 et
787 400 963 446 regnata
983 395 1091 447 Cyro

509 459 666 497 Bactra
684 463 835 510 parent
855 458 1093 510 Tanaisque
1113 460 1282 499 discors.

404 575 591 614 Prudens
612 574 744 613 futuri
765 574 965 625 temporis
985 575 1147 614 exitum

401 638 635 688 Caliginosa
655 642 778 676 noete
798 637 952 688 premit
972 638 1087 684 deus,

455 701 666 753 Ridetque
686 701 720 740 si
740 701 930 740 mortalis
950 702 1064 740 ultra

509 765 589 804 Fas
611 765 808 815 trepidat.
867 764 991 816 Quod
1011 765 1130 805 adest
1151 771 1364 805 memento

400 881 642 932 Conponere
663 893 822 932 aequus
841 892 849 927 ;
881 885 1020 919 cetera
1040 881 1224 921 fluminis

401 945 504 983 Ritu
524 944 728 988 feruntur,
751 956 863 982 nunc
883 944 1022 983 medio
1042 944 1163 983 alveo

384 1050 392 1056 ⁸
453 1007 557 1046 Cum
578 1019 680 1058 pace
700 1007 936 1047 delabentis
956 1007 1184 1046 Etruscum

508 1071 557 1109 In
578 1083 705 1116 mare,
727 1083 839 1109 nunc
858 1070 1019 1121 lapides
1040 1071 1187 1110 adesos

399 1186 641 1238 Stirpesque
662 1190 806 1237 raptas
827 1190 869 1225 et
889 1198 1015 1237 pecus
1036 1190 1078 1225 et
1098 1186 1247 1226 domos

397 1250 618 1289 Volventis
638 1262 723 1288 una
742 1262 826 1288 non
847 1249 935 1288 sine
956 1249 1165 1288 montium

450 1314 639 1353 Clamore
659 1313 906 1364 vicinaeque
926 1313 1068 1359 silvae,

505 1377 610 1416 Cum
631 1377 718 1415 fera
738 1377 916 1416 diluvies
936 1376 1102 1428 quietos

400 1493 553 1533 Inritat
575 1506 730 1532 amnes.
792 1493 865 1531 Ille
885 1497 1036 1544 potens
1055 1492 1119 1532 sui

398 1558 637 1608 Laetusque
658 1557 793 1607 deget,
816 1556 882 1595 cui
902 1556 998 1595 licet
1019 1556 1060 1595 in
1082 1557 1193 1595 diem

452 1621 616 1660 Dixisse
638 1620 645 1633 ‘
666 1620 763 1658 Vixi
785 1632 792 1658 :
825 1632 915 1659 cras
935 1620 1002 1659 vel
1022 1624 1116 1658 atra

504 1683 627 1722 Nube
647 1683 791 1734 polum
811 1687 933 1734 pater
952 1687 1160 1734 occupato

396 1800 472 1839 Vel
491 1800 576 1840 sole
596 1811 701 1850 puro
721 1810 729 1845 ;
760 1811 845 1837 non
867 1803 1009 1837 tamen
1030 1799 1216 1845 inritum,

396 1863 702 1914 Quodcumque
722 1866 887 1907 retrost,
910 1861 1059 1900 efficiet
1080 1875 1215 1913 neque

451 1926 650 1976 Diffinget
671 1925 959 1976 infectumque
979 1925 1138 1970 reddet,

504 1989 626 2040 Quod
647 1989 809 2040 fugiens
829 1989 956 2028 semel
975 1987 1079 2027 hora
1098 1988 1228 2028 vexit.

396 2106 584 2144 Fortuna
604 2117 731 2144 saevo
751 2105 862 2143 laeta
882 2104 1050 2155 negotio
1071 2108 1113 2144 et

395 2169 562 2208 Ludum
583 2168 831 2207 insolentem
852 2168 993 2206 ludere
1013 2167 1209 2218 pertinax

447 2231 723 2271 Transmutat
744 2231 924 2270 incertos
943 2230 1134 2276 honores,

501 2294 623 2333 Nunc
645 2293 747 2332 mihi
767 2306 878 2332 nunc
899 2293 968 2332 alii
988 2293 1181 2345 benigna.

1457 281 1507 322 25

1456 651 1508 689 30

1455 1019 1505 1058 35

1453 1389 1506 1429 40

1450 1808 1501 1850 45

1450 2177 1503 2218 50
