1700 2573
682 162 793 191 ODES
822 162 865 191 11.
897 162 932 201 3.

373 273 514 313 Latius
534 287 676 325 regnes
696 274 865 313 avidum
887 275 1095 313 domando

371 338 583 389 Spiritum,
605 350 732 388 quam
751 338 785 377 si
805 338 981 389 Libyam
999 338 1169 378 remotis

371 401 556 440 Gadibus
576 401 720 451 iungas
739 406 780 439 et
800 405 976 452 uterque
997 401 1159 440 Poenus

424 464 584 503 Serviat
604 464 687 503 uni.

371 541 524 580 Crescit
543 541 758 591 indulgens
778 540 854 579 sibi
875 541 986 579 dirus
1006 541 1192 591 hydrops

370 605 456 642 Nec
476 604 588 643 sitim
608 604 735 654 pellit,
757 604 835 643 nisi
854 617 979 642 causa
998 603 1132 642 morbi

371 666 538 718 Fugerit
557 667 673 706 venis
692 671 733 705 et
754 679 933 717 aquosus
953 667 1048 705 albo

423 730 600 780 Corpore
619 730 803 781 languor.

372 807 600 845 Redditum
619 806 714 857 Cyri
734 807 834 845 solio
856 806 1064 845 Prahaten

371 870 582 909 Dissidens
602 869 711 920 plebi
730 882 902 908 numero
921 869 1140 908 beatorum

371 933 529 972 Eximit
548 934 690 972 Virtus
711 933 994 983 populumque
1014 933 1126 971 falsis

423 997 607 1035 Dedocet
626 997 689 1035 uti

371 1074 564 1119 Vocibus,
586 1087 758 1124 regnum
778 1078 819 1112 et
840 1073 1031 1112 diadema
1051 1078 1193 1111 tutum

374 1137 570 1175 Deferens
590 1137 662 1175 uni
682 1137 973 1187 propriamque
993 1136 1168 1181 laurum,

373 1199 567 1250 Quisquis
587 1200 773 1250 ingentes
793 1200 911 1238 oculo
931 1199 1130 1237 inretorto

423 1262 592 1313 Spectat
614 1275 794 1301 acervos.

771 1381 846 1420 111.

717 1457 900 1508 (Alcaic.)

370 1546 561 1597 Aequam
580 1550 791 1584 memento
812 1545 933 1584 rebus
952 1544 994 1583 in
1015 1543 1152 1583 arduis

369 1608 539 1647 Servare
560 1613 756 1654 mentem,
779 1621 863 1647 non
886 1620 1001 1647 secus
1020 1608 1062 1645 in
1082 1607 1201 1646 bonis

422 1672 488 1710 Ab
507 1672 701 1711 insolenti
722 1675 999 1722 temperatam

477 1735 670 1780 Laetitia,
693 1734 891 1773 moriture
912 1734 1030 1779 Delli,

371 1811 450 1850 Seu
470 1817 653 1851 maestus
673 1811 785 1850 omni
805 1815 990 1861 tempore
1011 1810 1173 1855 vixeris,

372 1875 451 1913 Seu
472 1879 513 1914 te
533 1875 575 1913 in
595 1879 754 1913 remoto
773 1874 957 1925 gramine
977 1886 1048 1924 per
1067 1874 1154 1912 dies

425 1938 569 1977 Festos
588 1938 834 1976 reclinatum
853 1937 987 1975 bearis

478 2001 676 2039 Interiore
696 2006 797 2039 nota
818 2000 992 2039 Falerni.

373 2077 464 2128 Quo
484 2078 605 2128 pinus
617 2076 766 2131 ingens
788 2077 963 2127 albaque
983 2076 1161 2127 populus

372 2141 575 2180 Umbram
594 2140 843 2191 hospitalem
863 2139 1096 2178 consociare
1119 2143 1263 2193 amant

428 2204 571 2242 Ramis
587 2203 602 2242 ?
662 2203 772 2253 Quid
792 2202 960 2253 obliquo
979 2202 1141 2240 laborat

483 2266 675 2318 Lympha
696 2266 822 2317 fugax
843 2265 1049 2316 trepidare
1068 2265 1156 2303 rivo
1173 2264 1187 2303 ?

1407 150 1456 194 53

1409 349 1458 376 10

1411 1007 1458 1034 ΖΟ

1415 2149 1463 2176 10
