1700 2573
666 149 777 178 omas
807 149 831 177 1.
864 150 925 188 37.

308 260 462 299 Omnes
483 260 523 298 in
546 260 738 298 Damalin
758 265 898 311 putres

363 323 581 373 Deponent
602 324 752 367 oculos,
774 336 848 361 nec
870 323 1053 361 Damalis
1073 335 1183 361 novo

311 385 542 424 Divelletur
561 386 760 431 adultero,

363 447 546 486 Lascivis
565 447 725 487 hederis
745 448 1010 487 ambitiosior.

701 567 901 605 XXXVII.

711 648 893 698 (Alcaic.)

311 737 432 775 Nunc
452 741 514 775 est
535 736 773 782 bibendum,
796 749 904 775 nunc
924 738 1026 787 pede
1048 737 1174 775 libero

311 799 520 838 Pulsanda
540 800 672 845 tellus,
695 812 804 838 nunc
825 799 1050 838 Saliaribus

363 863 522 902 Ornare
542 862 734 913 pulvinar
753 863 924 901 deorum

416 925 597 976 Tempus
617 931 706 964 erat
729 926 918 976 dapibus,
940 926 1111 965 sodales.

311 1002 500 1041 Antehac
520 1002 635 1040 nefas
655 1002 895 1053 depromere
915 1002 1151 1041 Caecubum

311 1065 430 1104 Cellis
451 1065 587 1107 avitis.
610 1065 710 1103 dum
731 1065 934 1115 Capitolio

368 1128 526 1179 Regina
546 1128 759 1166 dementes
779 1128 917 1166 ruinas

420 1191 562 1229 Funus
582 1195 624 1229 et
644 1191 815 1241 imperio
835 1191 1012 1241 parabat

313 1268 609 1308 Contaminato
630 1281 723 1307 cum
744 1281 862 1319 grege
883 1269 1067 1319 turpium

316 1332 463 1371 Morbo
483 1331 678 1377 virorum,
701 1331 902 1382 quidlibet
923 1332 1113 1382 inpotens

368 1395 539 1446 Sperare
561 1394 811 1445 fortunaque
831 1394 940 1433 dulci

420 1457 559 1495 Ebria.
619 1457 697 1496 Sed
719 1457 869 1496 minuit
889 1457 1069 1495 furorem

316 1535 393 1572 Vix
413 1547 498 1573 una
516 1547 655 1585 sospes
675 1534 796 1572 navis
817 1533 869 1572 ab
889 1534 1064 1584 ignibus,

316 1599 582 1648 Mentemque
603 1597 865 1648 lymphatam
886 1596 1109 1635 Mareotico

369 1661 545 1712 Redegit
566 1661 606 1698 in
628 1673 746 1699 veros
767 1660 934 1699 timores

421 1724 581 1768 Caesar,
604 1723 657 1761 ab
680 1723 803 1761 Italia
822 1723 1035 1761 volantem

318 1801 456 1841 Remis
479 1800 723 1850 adurguens,
747 1799 942 1850 accipiter
961 1800 1077 1839 velut

315 1863 460 1903 Molles
480 1862 692 1901 columbas
713 1867 786 1900 aut
807 1863 986 1912 leporem
1007 1862 1113 1900 citus

370 1926 554 1965 Venator
573 1925 612 1963 in
636 1925 792 1976 campis
812 1925 960 1963 nivalis

426 1987 694 2032 Haemoniae,
717 1988 834 2026 daret
854 1991 902 2025 ut
924 1987 1079 2026 catenis

322 2065 468 2104 Fatale
488 2070 733 2103 monstrum.
792 2063 907 2114 Quae
927 2064 1158 2114 generosius

321 2128 457 2168 Perire
479 2139 680 2178 quaerens
700 2139 775 2165 nec
794 2126 1048 2165 muliebriter

370 2189 558 2241 Expavit
578 2202 717 2228 ensem
736 2202 811 2227 nee
832 2189 1008 2228 latentes

425 2253 562 2293 Classe
584 2253 666 2292 cita
687 2252 899 2305 reparavit
919 2265 1021 2295 oraS.

265 2328 365 2362 HOR.
390 2326 494 2357 1.-1V.

1398 148 1447 190 49

1401 459 1451 486 20

1412 1339 1460 1366 10

1412 1668 1459 1708 15

1413 1999 1462 2026 20
