1679 2583
659 177 771 206 ODEs
801 177 857 206 1v.
888 178 927 217 4.
1370 176 1443 216 115

352 276 483 316 Curru
503 277 628 317 ducet
647 277 829 316 Achaico
1420 284 1443 325 5

403 340 627 386 Victorem,
649 353 783 391 neque
803 353 866 380 res
886 339 1033 379 bellica
1051 339 1180 379 Deliis

350 402 558 442 Ornatum
578 403 686 442 foliis
706 403 867 449 ducem,

403 466 525 517 Quod
544 479 687 517 regum
707 467 892 505 tumidas
912 466 1150 506 contuderit
1169 465 1316 511 minas,

348 543 554 583 Ostendet
574 543 780 594 Capitolio
800 555 808 589 ;

402 607 483 646 Sed
502 620 610 658 quae
629 606 759 645 Tibur
779 619 913 658 aquae
933 606 1066 646 fertile
1086 607 1325 658 praefluunt
1396 617 1444 644 ro

347 670 404 709 Et
424 670 580 721 spissae
599 683 817 709 nemorum
837 682 980 708 comae

400 732 434 770 F
436 732 578 784 ingent
598 732 742 771 Aeolio
763 732 944 771 carmine
963 731 1159 772 nobilem.

347 808 506 848 Romae
526 808 725 860 principis
744 809 912 848 urbium

399 871 609 923 Dignatur
628 872 793 911 suboles
812 872 921 911 inter
941 872 1141 911 amabiles

345 934 504 973 Vatum
524 948 676 986 ponere
697 948 762 974 me
783 935 942 982 choros,
1395 943 1441 983 15

398 997 455 1036 Et
475 997 559 1036 iarn
579 998 704 1036 dente
724 998 862 1037 minus
882 998 1073 1037 mordeor
1093 997 1250 1036 invido.

346 1073 381 1112 O
402 1073 627 1113 testudinis
647 1087 796 1113 aureae

398 1136 574 1175 Dulcem
595 1149 702 1188 quae
722 1137 958 1188 strepitum,
981 1136 1101 1183 Pieri,
1123 1141 1343 1188 temperas,

346 1198 381 1238 O
401 1199 531 1238 mutis
550 1212 717 1251 quoque
737 1200 921 1251 piscibus

397 1262 618 1301 Donatura
638 1262 770 1313 cycni,
792 1262 826 1301 si
845 1262 987 1309 libeat,
1010 1275 1171 1309 sonum,
1391 1272 1442 1300 20

342 1345 499 1385 Totum
518 1347 701 1386 muneris
720 1347 800 1386 hoc
819 1347 937 1394 tuist,

397 1409 521 1460 Quod
539 1414 749 1450 monstror
768 1410 899 1462 digito
919 1410 1277 1462 praetereuntium

344 1473 560 1512 Romanae
580 1473 730 1513 fidicen
750 1474 865 1524 lyrae
888 1486 894 1513 :

396 1536 519 1588 Quod
537 1537 649 1588 spiro
669 1542 711 1576 et
732 1538 888 1588 placeo,
910 1538 944 1576 si
964 1537 1120 1589 placeo,
1143 1540 1318 1576 tuumst.

751 1679 820 1718 IV.

690 1751 742 1803 (A
750 1752 879 1802 lcaic.)

342 1828 517 1879 Qualem
537 1829 776 1868 ministrum
796 1829 982 1868 fulminis
1002 1828 1158 1874 alitem,

342 1892 417 1931 Cui
436 1905 509 1931 rex
528 1892 701 1933 deorum
721 1905 895 1943 regnum
914 1892 957 1931 in
978 1905 1076 1931 aves
1096 1905 1226 1943 vagas

396 1955 589 1995 Permisit
609 1960 806 2007 expertus
825 1956 990 1995 fidelem

449 2018 641 2069 Iuppiter
659 2018 702 2057 in
723 2018 967 2069 Ganymede
987 2018 1111 2064 flavo,

341 2094 451 2133 Olim
471 2094 665 2133 iuventas
684 2099 726 2134 et
746 2094 908 2146 patrius
927 2094 1046 2145 vigor
1413 2101 1434 2141 5

341 2157 451 2198 Nido
471 2157 661 2196 laborum
681 2158 867 2209 propulit
886 2158 1076 2203 inscium,

393 2220 601 2271 Vernique
621 2221 705 2259 iam
725 2221 879 2260 nimbis
897 2221 1069 2259 remotis

449 2283 646 2323 Insolitos
665 2284 841 2323 docuere
860 2284 975 2323 nisus
