1710 2604
254 199 305 243 90

825 199 1000 230 HORACE

522 301 638 352 Quae
660 305 835 340 manent
856 301 1001 351 culpas
1021 301 1149 339 etiam
1170 300 1248 339 sub
1269 300 1388 339 Orco.

524 365 669 415 Inpiae
694 365 807 415 (nam
828 364 931 415 quid
953 369 1126 415 potuere
1147 364 1282 402 maius
1299 363 1331 413 ?)

523 428 669 478 Inpiae
690 440 865 478 sponsos
886 432 1061 478 potuere
1081 427 1186 466 duro

579 490 756 529 Perdere
777 490 898 529 ferro.

524 578 620 617 Una
640 579 691 618 de
711 578 857 617 multis
877 578 967 617 face
987 578 1169 629 nuptiali

525 641 664 692 Digna
684 641 897 692 periurum
919 641 999 680 fuit
1020 642 1062 680 in
1083 646 1301 692 parentem

525 704 750 755 Splendide
770 705 954 744 mendax
975 709 1016 743 et
1038 705 1080 743 in
1100 717 1223 743 omne
1245 705 1361 754 virgo

577 766 742 806 Nobilis
763 780 929 812 aevum,

526 854 534 867 ‘
556 853 684 905 Surge
705 854 712 867 '
735 867 843 905 quae
864 854 973 893 dixit
995 854 1135 893 iuveni
1156 855 1321 899 marito,

526 917 533 930 ‘
555 917 697 968 Surge,
719 930 771 956 ne
792 918 940 968 longus
961 917 1038 956 tibi
1059 930 1243 962 somnus,
1266 917 1377 956 unde

524 981 620 1019 Non
641 981 776 1026 times,
799 980 924 1020 detur
943 993 951 1026 ;
983 993 1173 1019 socerum
1195 986 1235 1019 et
1257 981 1452 1020 scelestas

579 1043 692 1082 Falle
713 1056 885 1089 sorores,

525 1131 654 1183 Quae,
676 1132 793 1170 velut
814 1135 965 1170 nactae
986 1131 1143 1170 vitulos
1162 1132 1344 1178 leaenae,

525 1195 717 1246 Singulos
737 1195 843 1234 eheu
863 1195 1050 1234 lacerant
1073 1207 1079 1233 :
1112 1208 1187 1246 ego
1207 1195 1288 1234 illis

525 1258 688 1297 Mollior
708 1271 784 1297 nec
806 1263 846 1297 te
867 1258 1014 1296 feriam
1035 1270 1170 1309 neque
1190 1259 1303 1297 intra

578 1322 771 1361 Claustra
793 1322 958 1361 tenebo.

525 1410 590 1449 Me
611 1415 731 1461 pater
751 1410 887 1448 saevis
907 1415 1051 1449 oneret
1073 1410 1244 1456 catenis,

525 1473 649 1524 Quod
668 1473 759 1512 viro
780 1474 960 1512 clemens
980 1474 1130 1512 misero
1151 1473 1316 1524 peperci
1336 1485 1344 1519 ;

526 1537 591 1575 Me
612 1537 679 1575 vel
699 1541 909 1575 extremos
930 1536 1211 1575 Numidarum
1232 1536 1274 1574 in
1295 1549 1416 1587 agros

579 1599 718 1638 Classe
738 1600 905 1650 releget.

527 1688 559 1734 Ι,
583 1689 709 1739 pedes
730 1701 814 1739 quo
836 1693 876 1727 te
897 1688 1068 1739 rapiunt
1089 1694 1130 1727 et
1152 1701 1290 1734 aurae,

526 1752 639 1790 Dum
660 1752 776 1790 favet
797 1764 881 1790 nox
903 1757 944 1790 et
966 1752 1106 1790 Venus
1127 1764 1134 1797 ;
1166 1752 1179 1790 i
1199 1752 1382 1790 secundo

525 1814 688 1860 Omine,
710 1820 752 1853 et
773 1815 905 1853 nostri
927 1827 1155 1853 memorem
1175 1815 1365 1865 sepulcro

579 1878 726 1929 Scalpe
747 1877 1004 1929 querellam.¹

872 2021 964 2059 XII.

698 2095 879 2146 (Ionicus
899 2108 923 2133 a
943 2094 1138 2144 Minore.)

1525 373 1576 411 30

1527 711 1577 753 35

1526 1054 1579 1093 40

1527 1419 1578 1460 45

1527 1762 1580 1801 50

419 2181 705 2219 Miserarumst
726 2192 801 2218 nee
822 2180 953 2218 amori
974 2179 1073 2219 dare
1094 2180 1240 2218 ludum
1262 2193 1396 2232 neque
1417 2181 1527 2220 dulci

418 2244 529 2283 Mala
550 2245 649 2282 vino
668 2245 820 2288 lavere,
843 2247 917 2281 aut
939 2243 1169 2281 exanimari
1191 2248 1427 2282 metuentes

474 2308 654 2346 Patruae
676 2307 850 2346 verbera
869 2306 1047 2357 linguae.
