<?xml version="1.0" encoding="UTF-8"?>
<!DOCTYPE html PUBLIC "-//W3C//DTD XHTML 1.0 Transitional//EN"
    "http://www.w3.org/TR/xhtml1/DTD/xhtml1-transitional.dtd">
<html xmlns="http://www.w3.org/1999/xhtml" xml:lang="en" lang="en">
 <head>
  <title>
</title>
<meta http-equiv="Content-Type" content="text/html;charset=utf-8" />
  <meta name='ocr-system' content='tesseract 3.04.00' />
  <meta name='ocr-capabilities' content='ocr_page ocr_carea ocr_par ocr_line ocrx_word'/>
</head>
<body>
  <div class='ocr_page' id='page_1' title='image "./odeshor00horauoft_0122.png"; bbox 0 0 1710 2604; ppageno 0'>
   <div class='ocr_carea' id='block_1_1' title="bbox 252 185 328 224">
    <p class='ocr_par' dir='ltr' id='par_1_1' title="bbox 252 185 328 224">
     <span class='ocr_line' id='line_1_1' title="bbox 252 185 328 224; baseline 0 -11"><span class='ocrx_word' id='word_1_1' title='bbox 252 185 328 224; x_wconf 89' lang='lat'>114</span> 
     </span>
    </p>
   </div>
   <div class='ocr_carea' id='block_1_2' title="bbox 822 181 998 211">
    <p class='ocr_par' dir='ltr' id='par_1_2' title="bbox 822 181 998 211">
     <span class='ocr_line' id='line_1_2' title="bbox 822 181 998 211; baseline 0 -1"><span class='ocrx_word' id='word_1_2' title='bbox 822 181 998 211; x_wconf 89' lang='lat' dir='ltr'>HORACE</span> 
     </span>
    </p>
   </div>
   <div class='ocr_carea' id='block_1_3' title="bbox 463 281 1396 526">
    <p class='ocr_par' dir='ltr' id='par_1_3' title="bbox 463 281 1197 335">
     <span class='ocr_line' id='line_1_3' title="bbox 463 281 1197 335; baseline 0.001 -13"><span class='ocrx_word' id='word_1_3' title='bbox 463 284 556 335; x_wconf 78' lang='lat' dir='ltr'>Quo</span> <span class='ocrx_word' id='word_1_4' title='bbox 575 282 680 322; x_wconf 90' lang='lat' dir='ltr'>nihil</span> <span class='ocrx_word' id='word_1_5' title='bbox 699 281 835 322; x_wconf 90' lang='lat' dir='ltr'>maius</span> <span class='ocrx_word' id='word_1_6' title='bbox 854 281 1056 322; x_wconf 84' lang='lat' dir='ltr'>meliusve</span> <span class='ocrx_word' id='word_1_7' title='bbox 1077 282 1197 323; x_wconf 89' lang='lat' dir='ltr'>terris</span> 
     </span>
    </p>

    <p class='ocr_par' dir='ltr' id='par_1_4' title="bbox 464 345 1115 398">
     <span class='ocr_line' id='line_1_4' title="bbox 464 345 1115 398; baseline 0 -12"><span class='ocrx_word' id='word_1_8' title='bbox 464 348 572 386; x_wconf 91' lang='lat' dir='ltr'>Fata</span> <span class='ocrx_word' id='word_1_9' title='bbox 591 347 802 386; x_wconf 84' lang='lat' dir='ltr'>donavere</span> <span class='ocrx_word' id='word_1_10' title='bbox 822 345 1006 398; x_wconf 89' lang='lat' dir='ltr'>bonique</span> <span class='ocrx_word' id='word_1_11' title='bbox 1026 346 1115 386; x_wconf 90' lang='lat' dir='ltr'>divi</span> 
     </span>
    </p>

    <p class='ocr_par' dir='ltr' id='par_1_5' title="bbox 463 410 1396 526">
     <span class='ocr_line' id='line_1_5' title="bbox 463 410 1396 462; baseline 0 -12"><span class='ocrx_word' id='word_1_12' title='bbox 463 411 551 450; x_wconf 91' lang='lat' dir='ltr'>Nec</span> <span class='ocrx_word' id='word_1_13' title='bbox 570 410 749 456; x_wconf 89' lang='lat' dir='ltr'>dabunt,</span> <span class='ocrx_word' id='word_1_14' title='bbox 772 410 968 462; x_wconf 90' lang='lat' dir='ltr'>quamvis</span> <span class='ocrx_word' id='word_1_15' title='bbox 987 410 1162 451; x_wconf 84' lang='lat' dir='ltr'>redeant</span> <span class='ocrx_word' id='word_1_16' title='bbox 1182 410 1225 450; x_wconf 93' lang='lat' dir='ltr'>in</span> <span class='ocrx_word' id='word_1_17' title='bbox 1246 424 1396 451; x_wconf 91' lang='lat' dir='ltr'>aurum</span> 
     </span>
     <span class='ocr_line' id='line_1_6' title="bbox 569 474 995 526; baseline 0.002 -13"><span class='ocrx_word' id='word_1_18' title='bbox 569 474 778 526; x_wconf 84' lang='lat' dir='ltr'>Tempora</span> <span class='ocrx_word' id='word_1_19' title='bbox 798 474 995 526; x_wconf 91' lang='lat' dir='ltr'>priscum.</span> 
     </span>
    </p>
   </div>
   <div class='ocr_carea' id='block_1_4' title="bbox 464 551 1235 781">
    <p class='ocr_par' dir='ltr' id='par_1_6' title="bbox 464 551 1222 603">
     <span class='ocr_line' id='line_1_7' title="bbox 464 551 1222 603; baseline 0.003 -13"><span class='ocrx_word' id='word_1_20' title='bbox 464 551 666 591; x_wconf 87' lang='lat' dir='ltr'>Concines</span> <span class='ocrx_word' id='word_1_21' title='bbox 685 551 902 603; x_wconf 88' lang='lat' dir='ltr'>laetosque</span> <span class='ocrx_word' id='word_1_22' title='bbox 923 551 1012 591; x_wconf 92' lang='lat' dir='ltr'>dies</span> <span class='ocrx_word' id='word_1_23' title='bbox 1031 556 1074 591; x_wconf 92' lang='lat' dir='ltr'>et</span> <span class='ocrx_word' id='word_1_24' title='bbox 1096 551 1222 592; x_wconf 85' lang='lat' dir='ltr'>Urbis</span> 
     </span>
    </p>

    <p class='ocr_par' dir='ltr' id='par_1_7' title="bbox 464 614 1235 667">
     <span class='ocr_line' id='line_1_8' title="bbox 464 614 1235 667; baseline 0.001 -13"><span class='ocrx_word' id='word_1_25' title='bbox 464 615 685 654; x_wconf 90' lang='lat' dir='ltr'>Publicum</span> <span class='ocrx_word' id='word_1_26' title='bbox 705 615 854 655; x_wconf 91' lang='lat' dir='ltr'>ludum</span> <span class='ocrx_word' id='word_1_27' title='bbox 873 627 998 666; x_wconf 91' lang='lat' dir='ltr'>super</span> <span class='ocrx_word' id='word_1_28' title='bbox 1017 614 1235 667; x_wconf 88' lang='lat' dir='ltr'>inpetrato</span> 
     </span>
    </p>

    <p class='ocr_par' dir='ltr' id='par_1_8' title="bbox 464 677 1208 781">
     <span class='ocr_line' id='line_1_9' title="bbox 464 677 1208 731; baseline 0 -13"><span class='ocrx_word' id='word_1_29' title='bbox 464 678 603 718; x_wconf 86' lang='lat' dir='ltr'>Fortis</span> <span class='ocrx_word' id='word_1_30' title='bbox 622 677 803 729; x_wconf 82' lang='lat' dir='ltr'>Augusti</span> <span class='ocrx_word' id='word_1_31' title='bbox 823 678 964 718; x_wconf 88' lang='lat' dir='ltr'>reditu</span> <span class='ocrx_word' id='word_1_32' title='bbox 984 678 1208 731; x_wconf 82' lang='lat' dir='ltr'>forumque</span> 
     </span>
     <span class='ocr_line' id='line_1_10' title="bbox 572 741 921 781; baseline 0.003 -1"><span class='ocrx_word' id='word_1_33' title='bbox 572 741 738 781; x_wconf 91' lang='lat' dir='ltr'>Litibus</span> <span class='ocrx_word' id='word_1_34' title='bbox 758 741 921 781; x_wconf 89' lang='lat' dir='ltr'>orbum.</span> 
     </span>
    </p>
   </div>
   <div class='ocr_carea' id='block_1_5' title="bbox 464 819 1368 1050">
    <p class='ocr_par' dir='ltr' id='par_1_9' title="bbox 464 819 1364 871">
     <span class='ocr_line' id='line_1_11' title="bbox 464 819 1364 871; baseline 0 -12"><span class='ocrx_word' id='word_1_35' title='bbox 464 819 574 859; x_wconf 90' lang='lat' dir='ltr'>Tum</span> <span class='ocrx_word' id='word_1_36' title='bbox 593 832 724 866; x_wconf 90' lang='lat' dir='ltr'>meae,</span> <span class='ocrx_word' id='word_1_37' title='bbox 745 819 781 859; x_wconf 93' lang='lat' dir='ltr'>si</span> <span class='ocrx_word' id='word_1_38' title='bbox 800 819 903 871; x_wconf 91' lang='lat' dir='ltr'>quid</span> <span class='ocrx_word' id='word_1_39' title='bbox 922 819 1071 871; x_wconf 91' lang='lat' dir='ltr'>loquor</span> <span class='ocrx_word' id='word_1_40' title='bbox 1091 819 1364 867; x_wconf 90' lang='lat' dir='ltr'>audiendum,</span> 
     </span>
    </p>

    <p class='ocr_par' dir='ltr' id='par_1_10' title="bbox 465 883 1276 936">
     <span class='ocr_line' id='line_1_12' title="bbox 465 883 1276 936; baseline 0 -13"><span class='ocrx_word' id='word_1_41' title='bbox 465 884 590 924; x_wconf 88' lang='lat' dir='ltr'>Vocis</span> <span class='ocrx_word' id='word_1_42' title='bbox 610 884 781 923; x_wconf 81' lang='lat' dir='ltr'>accedet</span> <span class='ocrx_word' id='word_1_43' title='bbox 802 883 914 923; x_wconf 88' lang='lat' dir='ltr'>bona</span> <span class='ocrx_word' id='word_1_44' title='bbox 933 896 1044 936; x_wconf 88' lang='lat' dir='ltr'>pars,</span> <span class='ocrx_word' id='word_1_45' title='bbox 1066 888 1109 923; x_wconf 92' lang='lat' dir='ltr'>et</span> <span class='ocrx_word' id='word_1_46' title='bbox 1131 883 1140 897; x_wconf 94' lang='lat'><em>‘</em></span> <span class='ocrx_word' id='word_1_47' title='bbox 1159 897 1184 923; x_wconf 94' lang='lat' dir='ltr'>o</span> <span class='ocrx_word' id='word_1_48' title='bbox 1205 883 1276 924; x_wconf 88' lang='lat' dir='ltr'>Sol</span> 
     </span>
    </p>

    <p class='ocr_par' dir='ltr' id='par_1_11' title="bbox 467 946 1368 1050">
     <span class='ocr_line' id='line_1_13' title="bbox 467 946 1368 1000; baseline 0.002 -14"><span class='ocrx_word' id='word_1_49' title='bbox 467 946 657 993; x_wconf 90' lang='lat' dir='ltr'>Pulcher,</span> <span class='ocrx_word' id='word_1_50' title='bbox 679 959 704 986; x_wconf 93' lang='lat' dir='ltr'>o</span> <span class='ocrx_word' id='word_1_51' title='bbox 724 946 936 986; x_wconf 87' lang='lat' dir='ltr'>laudande</span> <span class='ocrx_word' id='word_1_52' title='bbox 958 946 965 986; x_wconf 91' lang='lat'>!</span> <span class='ocrx_word' id='word_1_53' title='bbox 988 946 996 960; x_wconf 94' lang='lat'><em>&#39;</em></span> <span class='ocrx_word' id='word_1_54' title='bbox 1028 959 1179 986; x_wconf 88' lang='lat' dir='ltr'>canam</span> <span class='ocrx_word' id='word_1_55' title='bbox 1198 952 1368 1000; x_wconf 88' lang='lat' dir='ltr'>recepto</span> 
     </span>
     <span class='ocr_line' id='line_1_14' title="bbox 574 1010 883 1050; baseline -0.003 0"><span class='ocrx_word' id='word_1_56' title='bbox 574 1010 749 1050; x_wconf 85' lang='lat' dir='ltr'>Caesare</span> <span class='ocrx_word' id='word_1_57' title='bbox 770 1010 883 1050; x_wconf 84' lang='lat' dir='ltr'>felix.</span> 
     </span>
    </p>
   </div>
   <div class='ocr_carea' id='block_1_6' title="bbox 467 1087 1344 1330">
    <p class='ocr_par' dir='ltr' id='par_1_12' title="bbox 467 1087 1344 1140">
     <span class='ocr_line' id='line_1_15' title="bbox 467 1087 1344 1140; baseline 0 -13"><span class='ocrx_word' id='word_1_58' title='bbox 467 1089 609 1140; x_wconf 87' lang='lat' dir='ltr'>Atque</span> <span class='ocrx_word' id='word_1_59' title='bbox 630 1088 732 1127; x_wconf 93' lang='lat' dir='ltr'>dum</span> <span class='ocrx_word' id='word_1_60' title='bbox 752 1087 957 1139; x_wconf 86' lang='lat' dir='ltr'>procedit,</span> <span class='ocrx_word' id='word_1_61' title='bbox 981 1087 989 1101; x_wconf 91' lang='lat'><em>‘</em></span> <span class='ocrx_word' id='word_1_62' title='bbox 1009 1088 1049 1127; x_wconf 92' lang='lat' dir='ltr'>io</span> <span class='ocrx_word' id='word_1_63' title='bbox 1070 1087 1283 1140; x_wconf 86' lang='lat' dir='ltr'>triumphe</span> <span class='ocrx_word' id='word_1_64' title='bbox 1306 1088 1314 1127; x_wconf 89' lang='lat'>!</span> <span class='ocrx_word' id='word_1_65' title='bbox 1336 1088 1344 1102; x_wconf 91' lang='lat'>’</span> 
     </span>
    </p>

    <p class='ocr_par' dir='ltr' id='par_1_13' title="bbox 468 1151 1321 1203">
     <span class='ocr_line' id='line_1_16' title="bbox 468 1151 1321 1203; baseline 0 -12"><span class='ocrx_word' id='word_1_66' title='bbox 468 1152 565 1191; x_wconf 91' lang='lat' dir='ltr'>Non</span> <span class='ocrx_word' id='word_1_67' title='bbox 585 1151 713 1191; x_wconf 91' lang='lat' dir='ltr'>semel</span> <span class='ocrx_word' id='word_1_68' title='bbox 733 1151 933 1198; x_wconf 87' lang='lat' dir='ltr'>dicemus,</span> <span class='ocrx_word' id='word_1_69' title='bbox 958 1151 966 1164; x_wconf 91' lang='lat'><em>‘</em></span> <span class='ocrx_word' id='word_1_70' title='bbox 986 1151 1026 1190; x_wconf 91' lang='lat' dir='ltr'>io</span> <span class='ocrx_word' id='word_1_71' title='bbox 1047 1151 1260 1203; x_wconf 88' lang='lat' dir='ltr'>triumphe</span> <span class='ocrx_word' id='word_1_72' title='bbox 1283 1152 1290 1191; x_wconf 90' lang='lat'>!</span> <span class='ocrx_word' id='word_1_73' title='bbox 1312 1151 1321 1166; x_wconf 90' lang='lat'><em>&#39;</em></span> 
     </span>
    </p>

    <p class='ocr_par' dir='ltr' id='par_1_14' title="bbox 469 1214 1216 1330">
     <span class='ocr_line' id='line_1_17' title="bbox 469 1214 1216 1267; baseline -0.001 -12"><span class='ocrx_word' id='word_1_74' title='bbox 469 1215 629 1255; x_wconf 89' lang='lat' dir='ltr'>Civitas</span> <span class='ocrx_word' id='word_1_75' title='bbox 649 1214 785 1254; x_wconf 91' lang='lat' dir='ltr'>omnis</span> <span class='ocrx_word' id='word_1_76' title='bbox 805 1214 1086 1267; x_wconf 88' lang='lat' dir='ltr'>dabimusque</span> <span class='ocrx_word' id='word_1_77' title='bbox 1106 1215 1216 1255; x_wconf 90' lang='lat' dir='ltr'>divis</span> 
     </span>
     <span class='ocr_line' id='line_1_18' title="bbox 576 1278 913 1330; baseline 0 -13"><span class='ocrx_word' id='word_1_78' title='bbox 576 1278 690 1318; x_wconf 90' lang='lat' dir='ltr'>Tura</span> <span class='ocrx_word' id='word_1_79' title='bbox 710 1278 913 1330; x_wconf 83' lang='lat' dir='ltr'>benignis.</span> 
     </span>
    </p>
   </div>
   <div class='ocr_carea' id='block_1_7' title="bbox 470 1356 1298 1594">
    <p class='ocr_par' dir='ltr' id='par_1_15' title="bbox 470 1356 1298 1408">
     <span class='ocr_line' id='line_1_19' title="bbox 470 1356 1298 1408; baseline 0 -12"><span class='ocrx_word' id='word_1_80' title='bbox 470 1357 528 1396; x_wconf 91' lang='lat' dir='ltr'>Te</span> <span class='ocrx_word' id='word_1_81' title='bbox 548 1357 693 1396; x_wconf 91' lang='lat' dir='ltr'>decem</span> <span class='ocrx_word' id='word_1_82' title='bbox 714 1356 825 1395; x_wconf 89' lang='lat' dir='ltr'>tauri</span> <span class='ocrx_word' id='word_1_83' title='bbox 847 1356 1111 1408; x_wconf 90' lang='lat' dir='ltr'>totidemque</span> <span class='ocrx_word' id='word_1_84' title='bbox 1132 1370 1298 1404; x_wconf 89' lang='lat' dir='ltr'>vaccae,</span> 
     </span>
    </p>

    <p class='ocr_par' dir='ltr' id='par_1_16' title="bbox 471 1419 1193 1466">
     <span class='ocr_line' id='line_1_20' title="bbox 471 1419 1193 1466; baseline 0 -7"><span class='ocrx_word' id='word_1_85' title='bbox 471 1421 537 1460; x_wconf 91' lang='lat' dir='ltr'>Me</span> <span class='ocrx_word' id='word_1_86' title='bbox 558 1425 676 1459; x_wconf 87' lang='lat' dir='ltr'>tener</span> <span class='ocrx_word' id='word_1_87' title='bbox 695 1420 831 1459; x_wconf 85' lang='lat' dir='ltr'>solvet</span> <span class='ocrx_word' id='word_1_88' title='bbox 852 1419 1025 1466; x_wconf 88' lang='lat' dir='ltr'>vitulus,</span> <span class='ocrx_word' id='word_1_89' title='bbox 1047 1420 1193 1459; x_wconf 89' lang='lat' dir='ltr'>relicta</span> 
     </span>
    </p>

    <p class='ocr_par' dir='ltr' id='par_1_17' title="bbox 471 1483 1255 1594">
     <span class='ocr_line' id='line_1_21' title="bbox 471 1483 1255 1535; baseline 0 -12"><span class='ocrx_word' id='word_1_90' title='bbox 471 1484 607 1523; x_wconf 87' lang='lat' dir='ltr'>Matre</span> <span class='ocrx_word' id='word_1_91' title='bbox 627 1483 700 1535; x_wconf 87' lang='lat' dir='ltr'>qui</span> <span class='ocrx_word' id='word_1_92' title='bbox 720 1483 845 1534; x_wconf 87' lang='lat' dir='ltr'>largis</span> <span class='ocrx_word' id='word_1_93' title='bbox 863 1483 1096 1523; x_wconf 89' lang='lat' dir='ltr'>iuvenescit</span> <span class='ocrx_word' id='word_1_94' title='bbox 1115 1483 1255 1524; x_wconf 90' lang='lat' dir='ltr'>herbis</span> 
     </span>
     <span class='ocr_line' id='line_1_22' title="bbox 581 1548 882 1594; baseline 0 -8"><span class='ocrx_word' id='word_1_95' title='bbox 581 1548 632 1586; x_wconf 91' lang='lat' dir='ltr'>In</span> <span class='ocrx_word' id='word_1_96' title='bbox 653 1560 747 1586; x_wconf 88' lang='lat' dir='ltr'>mea</span> <span class='ocrx_word' id='word_1_97' title='bbox 766 1551 882 1594; x_wconf 87' lang='lat' dir='ltr'>vota,</span> 
     </span>
    </p>
   </div>
   <div class='ocr_carea' id='block_1_8' title="bbox 473 1623 1240 1855">
    <p class='ocr_par' dir='ltr' id='par_1_18' title="bbox 474 1623 1197 1674">
     <span class='ocr_line' id='line_1_23' title="bbox 474 1623 1197 1674; baseline 0 -10"><span class='ocrx_word' id='word_1_98' title='bbox 474 1625 630 1664; x_wconf 92' lang='lat' dir='ltr'>Fronte</span> <span class='ocrx_word' id='word_1_99' title='bbox 650 1628 848 1664; x_wconf 87' lang='lat' dir='ltr'>curvatos</span> <span class='ocrx_word' id='word_1_100' title='bbox 867 1623 1061 1663; x_wconf 92' lang='lat' dir='ltr'>imitatus</span> <span class='ocrx_word' id='word_1_101' title='bbox 1080 1623 1197 1674; x_wconf 82' lang='lat' dir='ltr'>ignes</span> 
     </span>
    </p>

    <p class='ocr_par' dir='ltr' id='par_1_19' title="bbox 473 1687 1240 1735">
     <span class='ocr_line' id='line_1_24' title="bbox 473 1687 1240 1735; baseline 0 -8"><span class='ocrx_word' id='word_1_102' title='bbox 473 1688 663 1727; x_wconf 88' lang='lat' dir='ltr'>Tertium</span> <span class='ocrx_word' id='word_1_103' title='bbox 684 1687 828 1727; x_wconf 89' lang='lat' dir='ltr'>Lunae</span> <span class='ocrx_word' id='word_1_104' title='bbox 848 1687 1066 1728; x_wconf 79' lang='lat' dir='ltr'>referentis</span> <span class='ocrx_word' id='word_1_105' title='bbox 1085 1692 1240 1735; x_wconf 90' lang='lat' dir='ltr'>ortum,</span> 
     </span>
    </p>

    <p class='ocr_par' dir='ltr' id='par_1_20' title="bbox 475 1751 1228 1855">
     <span class='ocr_line' id='line_1_25' title="bbox 475 1751 1228 1803; baseline 0 -12"><span class='ocrx_word' id='word_1_106' title='bbox 475 1751 569 1803; x_wconf 76' lang='lat' dir='ltr'>Qua</span> <span class='ocrx_word' id='word_1_107' title='bbox 588 1756 736 1791; x_wconf 89' lang='lat' dir='ltr'>notam</span> <span class='ocrx_word' id='word_1_108' title='bbox 756 1751 892 1798; x_wconf 85' lang='lat' dir='ltr'>duxit,</span> <span class='ocrx_word' id='word_1_109' title='bbox 914 1751 1063 1791; x_wconf 85' lang='lat' dir='ltr'>niveus</span> <span class='ocrx_word' id='word_1_110' title='bbox 1082 1751 1228 1798; x_wconf 90' lang='lat' dir='ltr'>videri,</span> 
     </span>
     <span class='ocr_line' id='line_1_26' title="bbox 583 1815 906 1855; baseline -0.003 0"><span class='ocrx_word' id='word_1_111' title='bbox 583 1815 732 1855; x_wconf 88' lang='lat' dir='ltr'>Cetera</span> <span class='ocrx_word' id='word_1_112' title='bbox 751 1815 906 1855; x_wconf 79' lang='lat' dir='ltr'>fulvus.</span> 
     </span>
    </p>
   </div>
   <div class='ocr_carea' id='block_1_9' title="bbox 820 1912 1025 1917">
    <p class='ocr_par' dir='ltr' id='par_1_21' title="bbox 820 1912 1025 1917">
     <span class='ocr_line' id='line_1_27' title="bbox 820 1912 1025 1917; baseline 0 0"><span class='ocrx_word' id='word_1_113' title='bbox 820 1912 1025 1917; x_wconf 95' lang='lat' dir='ltr'> </span> 
     </span>
    </p>
   </div>
   <div class='ocr_carea' id='block_1_10' title="bbox 480 1964 1142 2170">
    <p class='ocr_par' dir='ltr' id='par_1_22' title="bbox 480 1964 1142 2170">
     <span class='ocr_line' id='line_1_28' title="bbox 885 1964 961 2004; baseline 0.026 -2"><span class='ocrx_word' id='word_1_114' title='bbox 885 1964 961 2004; x_wconf 89' lang='grc' dir='ltr'><strong>ΙΙΙ.</strong></span> 
     </span>
     <span class='ocr_line' id='line_1_29' title="bbox 769 2040 1080 2093; baseline 0 -13"><span class='ocrx_word' id='word_1_115' title='bbox 769 2041 1006 2093; x_wconf 78' lang='lat' dir='ltr'>(Asclepiad</span> <span class='ocrx_word' id='word_1_116' title='bbox 1025 2040 1080 2092; x_wconf 83' lang='lat'>3.)</span> 
     </span>
     <span class='ocr_line' id='line_1_30' title="bbox 480 2118 1142 2170; baseline 0.002 -13"><span class='ocrx_word' id='word_1_117' title='bbox 480 2119 615 2170; x_wconf 78' lang='lat' dir='ltr'>Quem</span> <span class='ocrx_word' id='word_1_118' title='bbox 636 2123 696 2165; x_wconf 81' lang='lat' dir='ltr'>tn,</span> <span class='ocrx_word' id='word_1_119' title='bbox 719 2118 992 2170; x_wconf 87' lang='lat' dir='ltr'>Melpomene,</span> <span class='ocrx_word' id='word_1_120' title='bbox 1014 2119 1142 2158; x_wconf 90' lang='lat' dir='ltr'>semel</span> 
     </span>
    </p>
   </div>
   <div class='ocr_carea' id='block_1_11' title="bbox 484 2181 1336 2285">
    <p class='ocr_par' dir='ltr' id='par_1_23' title="bbox 484 2181 1336 2285">
     <span class='ocr_line' id='line_1_31' title="bbox 534 2181 1336 2234; baseline 0.001 -13"><span class='ocrx_word' id='word_1_121' title='bbox 534 2182 788 2221; x_wconf 88' lang='lat' dir='ltr'>Nascentem</span> <span class='ocrx_word' id='word_1_122' title='bbox 808 2182 974 2234; x_wconf 86' lang='lat' dir='ltr'>placido</span> <span class='ocrx_word' id='word_1_123' title='bbox 994 2182 1150 2221; x_wconf 89' lang='lat' dir='ltr'>lumine</span> <span class='ocrx_word' id='word_1_124' title='bbox 1170 2181 1336 2230; x_wconf 90' lang='lat' dir='ltr'>videris,</span> 
     </span>
     <span class='ocr_line' id='line_1_32' title="bbox 484 2244 1076 2285; baseline 0.002 -1"><span class='ocrx_word' id='word_1_125' title='bbox 484 2245 608 2285; x_wconf 88' lang='lat' dir='ltr'>Illum</span> <span class='ocrx_word' id='word_1_126' title='bbox 628 2258 713 2285; x_wconf 90' lang='lat' dir='ltr'>non</span> <span class='ocrx_word' id='word_1_127' title='bbox 733 2244 851 2285; x_wconf 91' lang='lat' dir='ltr'>labor</span> <span class='ocrx_word' id='word_1_128' title='bbox 872 2245 1076 2285; x_wconf 87' lang='lat' dir='ltr'>Isthmius</span> 
     </span>
    </p>
   </div>
   <div class='ocr_carea' id='block_1_12' title="bbox 536 2308 1375 2361">
    <p class='ocr_par' dir='ltr' id='par_1_24' title="bbox 536 2308 1375 2361">
     <span class='ocr_line' id='line_1_33' title="bbox 536 2308 1375 2361; baseline -0.001 -13"><span class='ocrx_word' id='word_1_129' title='bbox 536 2308 721 2348; x_wconf 79' lang='lat' dir='ltr'>clarabit</span> <span class='ocrx_word' id='word_1_130' title='bbox 740 2309 937 2361; x_wconf 86' lang='lat' dir='ltr'>pugilem,</span> <span class='ocrx_word' id='word_1_131' title='bbox 958 2321 1043 2348; x_wconf 90' lang='lat' dir='ltr'>non</span> <span class='ocrx_word' id='word_1_132' title='bbox 1063 2321 1196 2361; x_wconf 87' lang='lat' dir='ltr'>equus</span> <span class='ocrx_word' id='word_1_133' title='bbox 1215 2309 1375 2361; x_wconf 88' lang='lat' dir='ltr'>inpiger</span> 
     </span>
    </p>
   </div>
   <div class='ocr_carea' id='block_1_13' title="bbox 1521 487 1572 526">
    <p class='ocr_par' dir='ltr' id='par_1_25' title="bbox 1521 487 1572 526">
     <span class='ocr_line' id='line_1_34' title="bbox 1521 487 1572 526; baseline 0 -11"><span class='ocrx_word' id='word_1_134' title='bbox 1521 487 1572 526; x_wconf 89' lang='lat'>40</span> 
     </span>
    </p>
   </div>
   <div class='ocr_carea' id='block_1_14' title="bbox 1524 827 1575 870">
    <p class='ocr_par' dir='ltr' id='par_1_26' title="bbox 1524 827 1575 870">
     <span class='ocr_line' id='line_1_35' title="bbox 1524 827 1575 870; baseline -0.02 0"><span class='ocrx_word' id='word_1_135' title='bbox 1524 827 1575 870; x_wconf 87' lang='lat'>45</span> 
     </span>
    </p>
   </div>
   <div class='ocr_carea' id='block_1_15' title="bbox 1527 1160 1579 1201">
    <p class='ocr_par' dir='ltr' id='par_1_27' title="bbox 1527 1160 1579 1201">
     <span class='ocr_line' id='line_1_36' title="bbox 1527 1160 1579 1201; baseline 0 -10"><span class='ocrx_word' id='word_1_136' title='bbox 1527 1160 1579 1201; x_wconf 84' lang='lat'>50</span> 
     </span>
    </p>
   </div>
   <div class='ocr_carea' id='block_1_16' title="bbox 1528 1492 1579 1534">
    <p class='ocr_par' dir='ltr' id='par_1_28' title="bbox 1528 1492 1579 1534">
     <span class='ocr_line' id='line_1_37' title="bbox 1528 1492 1579 1534; baseline -0.02 0"><span class='ocrx_word' id='word_1_137' title='bbox 1528 1492 1579 1534; x_wconf 87' lang='lat'>55</span> 
     </span>
    </p>
   </div>
   <div class='ocr_carea' id='block_1_17' title="bbox 1529 1814 1582 1855">
    <p class='ocr_par' dir='ltr' id='par_1_29' title="bbox 1529 1814 1582 1855">
     <span class='ocr_line' id='line_1_38' title="bbox 1529 1814 1582 1855; baseline 0 0"><span class='ocrx_word' id='word_1_138' title='bbox 1529 1814 1582 1855; x_wconf 87' lang='grc'>60</span> 
     </span>
    </p>
   </div>
  </div>
 </body>
</html>
