1710 2604
251 165 325 193 112

821 162 997 192 HORACE

466 264 553 303 Illic
574 262 754 315 plurima
774 262 946 302 naribus

517 327 655 366 Duces
677 331 784 372 tura,
807 326 1005 376 lyraeque
1026 330 1068 364 et
1089 323 1365 375 Berecyntiae

462 390 736 429 Delectabere
758 389 886 428 tibiae

516 453 660 493 Mixtis
681 452 937 492 carminibus
956 465 1041 491 non
1061 451 1149 491 sine
1169 451 1311 491 fistula
1331 462 1338 497 ;

464 531 553 570 Illic
573 531 637 570 bis
656 530 775 582 pueri
795 529 861 569 die

515 593 684 632 Numen
704 606 800 632 cum
821 592 974 632 teneris
994 591 1226 643 virginibus
1247 596 1368 629 tuum

462 657 705 697 Laudantes
725 658 831 709 pede
852 656 1032 696 candido

517 721 567 760 In
587 733 746 760 morem
767 720 925 760 Salium
947 725 1010 759 ter
1030 718 1224 771 quatient
1245 718 1435 756 humum.

461 798 527 837 Me
548 811 624 837 nec
644 798 802 837 femina
821 810 897 836 nec
918 810 1021 849 puer
1119 788 1138 806 ³

517 862 608 901 Iam
628 874 704 901 nec
724 874 818 913 spes
839 861 968 900 animi
989 860 1157 899 credula
1177 859 1328 905 mutui,

460 925 548 964 Nec
568 930 727 964 certare
748 925 868 964 iuvat
889 937 1004 963 mero

515 989 602 1028 Nec
622 988 779 1027 vincire
800 988 920 1027 novis
942 993 1134 1039 tempora
1154 986 1337 1026 floribus.

462 1065 543 1105 Sed
564 1079 637 1105 cur
655 1065 750 1112 heu,
774 1065 982 1117 Ligurine,
1005 1077 1078 1104 cur

515 1129 662 1169 Manat
682 1142 776 1168 rara
796 1141 911 1168 meas
931 1128 1103 1167 lacrima
1123 1141 1196 1180 per
1215 1140 1342 1179 genas
1359 1127 1374 1166 ?

461 1192 543 1232 Cur
563 1193 746 1232 facunda
766 1205 916 1244 parum
937 1192 1090 1231 decoro

516 1257 633 1296 Inter
652 1257 782 1296 verba
802 1256 915 1295 cadit
936 1255 1079 1307 lingua
1098 1255 1266 1295 silentio
1283 1254 1298 1295 ?

460 1333 688 1373 Nocturnis
708 1346 785 1385 ego
806 1333 979 1373 somniis

515 1398 607 1436 Iam
627 1402 801 1449 captum
823 1401 957 1443 teneo,
980 1397 1065 1436 iam
1085 1396 1299 1436 volucrem
1321 1408 1471 1447 sequor

459 1460 518 1499 Te
538 1473 611 1512 per
630 1461 821 1512 gramina
843 1460 987 1500 Martii

515 1524 674 1577 Campi,
697 1529 739 1564 te
759 1537 833 1576 per
852 1537 996 1576 aquas,
1019 1524 1135 1571 dure,
1158 1523 1375 1563 volubiles.

793 1667 1025 1796 ‹sagam-2>

463 1821 691 1861 Pindarum
712 1821 901 1873 quisquis
921 1821 1067 1860 studet
1089 1820 1303 1867 aemulari,

463 1886 564 1932 Iule,
587 1885 737 1926 ceratis
756 1898 835 1936 ope
856 1885 1070 1924 Daedalea

461 1948 624 1988 Nititur
643 1948 782 2000 pinnis
803 1948 937 1987 vitreo
958 1948 1136 1987 daturus

569 2011 752 2051 Nomina
772 2016 917 2063 ponto.

462 2089 606 2129 Monte
626 2089 848 2128 decurrens
868 2089 984 2127 velut
1006 2088 1153 2133 amnis,
1175 2087 1329 2128 imbres

463 2152 597 2203 Quem
618 2165 741 2203 super
761 2157 884 2191 notas
904 2152 1042 2191 aluere
1062 2152 1190 2203 ripas,

463 2215 614 2255 Fervet
635 2216 931 2267 inmensusque
951 2215 1035 2255 ruit
1055 2216 1268 2267 profundo

570 2280 776 2319 Pindarus
800 2292 883 2327 ore,

1517 869 1568 906 30

1517 1199 1567 1240 35

1517 1534 1570 1573 40
