1700 2573
714 162 825 192 ODEs
854 163 898 194 11.
929 164 965 205 7.

403 270 475 310 Ille
496 276 537 311 te
557 285 720 312 mecum
744 275 856 315 locus
876 281 917 315 et
938 276 1085 317 beatae

402 334 622 375 Postulant
645 350 759 376 arces
779 350 786 384 ;
818 339 873 377 ibi
895 344 941 378 tu
961 341 1161 381 calentem

402 397 555 437 Debita
576 412 742 451 sparges
762 401 931 442 lacrima
951 404 1135 443 favillam

450 460 568 500 Vatis
589 463 721 502 amici.

788 596 877 636 VII.

742 673 791 722 (A
799 673 924 723 lcaz‘c.)

393 746 428 785 O
450 759 571 798 saepe
591 761 753 787 mecum
778 755 941 801 tempus
961 751 1003 790 in
1022 754 1228 800 ultimum,

394 810 584 849 Deducte
605 811 738 851 Bruto
757 813 928 852 militiae
948 815 1063 861 duce,

443 872 544 923 Quis
565 879 606 912 te
626 875 845 914 redonavit
866 876 1069 927 Quiritem

496 937 569 975 Dis
589 938 734 987 patriis
756 939 945 990 Italoque
965 942 1089 988 caelo,

389 1013 570 1064 Pompei,
592 1027 778 1054 meorum
798 1016 929 1066 prime
949 1019 1165 1065 sodalium,

387 1075 490 1114 Cum
511 1089 593 1128 quo
612 1083 845 1117 morantem
865 1093 987 1131 saepe
1008 1082 1117 1120 diem
1137 1096 1249 1122 mero

439 1139 472 1177 F
474 1140 568 1190 regi,
590 1146 811 1181 coronatus
829 1143 1010 1183 nitentes

490 1203 753 1243 Malobathro
774 1204 892 1255 Syrio
913 1207 1081 1257 capillos
1098 1209 1112 1247 Ρ

383 1275 536 1316 Tecum
557 1278 769 1330 Philippos
790 1285 831 1320 et
852 1282 1023 1321 celerem
1043 1283 1183 1334 fugam

384 1340 498 1380 Sensi
519 1342 660 1381 relicta
680 1356 763 1382 non
783 1344 887 1383 bene
909 1347 1109 1395 parmula,

435 1404 539 1443 Cum
559 1405 692 1445 fracta
712 1407 846 1446 virtus
867 1413 907 1447 et
928 1409 1108 1449 minaces

487 1467 623 1519 Turpe
644 1469 778 1508 solum
799 1470 970 1522 tetigere
989 1478 1142 1512 mento.

382 1543 462 1582 Sed
481 1557 546 1583 me
567 1558 639 1595 per
659 1545 798 1585 hostes
819 1548 1043 1587 Mercurius
1063 1550 1167 1601 celer

380 1606 518 1645 Denso
539 1613 764 1658 paventem
784 1610 951 1649 sustulit
972 1615 1082 1657 aere;

431 1669 488 1708 Te
508 1683 647 1710 rursus
665 1672 708 1710 in
728 1672 882 1712 bellum
901 1675 1114 1714 resorbens

484 1733 609 1772 Unda
628 1734 743 1774 fretis
764 1736 861 1775 tulit
881 1738 1093 1777 aestuosis.

377 1809 487 1861 Ergo
507 1810 733 1861 obligatam
753 1812 877 1851 redde
899 1814 989 1852 Iovi
1008 1815 1171 1866 dapem,

378 1872 602 1924 Longaque
623 1873 776 1913 fessum
796 1876 945 1915 militia
965 1877 1075 1917 latus

430 1936 601 1986 Depone
622 1937 698 1975 sub
718 1938 837 1977 lauru
857 1952 949 1978 mea
968 1953 1043 1979 nec

485 1999 611 2038 Parce
632 2001 744 2039 cadis
765 2001 842 2040 tibi
861 2002 1091 2043 destinatis.

374 2075 587 2114 Oblivioso
607 2077 713 2115 levia
733 2078 907 2117 Massico

374 2138 540 2177 Ciboria
561 2140 692 2190 exple,
715 2140 841 2179 funde
862 2143 1082 2192 capacibus

425 2202 652 2252 Unguenta
674 2203 724 2241 de
745 2204 923 2244 conchis.
981 2206 1082 2257 Quis
1101 2209 1183 2248 udo

479 2265 764 2316 Deproperare
785 2267 880 2317 apio
900 2281 1071 2309 coronas

1433 165 1482 208 57

1426 1364 1475 1391 10

1421 1691 1468 1730 15

1417 2022 1467 2050 20
