<?xml version="1.0" encoding="UTF-8"?>
<!DOCTYPE html PUBLIC "-//W3C//DTD XHTML 1.0 Transitional//EN"
    "http://www.w3.org/TR/xhtml1/DTD/xhtml1-transitional.dtd">
<html xmlns="http://www.w3.org/1999/xhtml" xml:lang="en" lang="en">
 <head>
  <title>
</title>
<meta http-equiv="Content-Type" content="text/html;charset=utf-8" />
  <meta name='ocr-system' content='tesseract 3.04.00' />
  <meta name='ocr-capabilities' content='ocr_page ocr_carea ocr_par ocr_line ocrx_word'/>
</head>
<body>
  <div class='ocr_page' id='page_1' title='image "./odeshor00horauoft_0063.png"; bbox 0 0 1700 2573; ppageno 0'>
   <div class='ocr_carea' id='block_1_1' title="bbox 687 148 938 188">
    <p class='ocr_par' dir='ltr' id='par_1_1' title="bbox 687 148 938 188">
     <span class='ocr_line' id='line_1_1' title="bbox 687 148 938 188; baseline -0.004 -9"><span class='ocrx_word' id='word_1_1' title='bbox 687 150 799 179; x_wconf 67' lang='lat' dir='ltr'>ones</span> <span class='ocrx_word' id='word_1_2' title='bbox 828 149 871 179; x_wconf 90' lang='lat'>11.</span> <span class='ocrx_word' id='word_1_3' title='bbox 904 148 938 188; x_wconf 83' lang='lat'>5.</span> 
     </span>
    </p>
   </div>
   <div class='ocr_carea' id='block_1_2' title="bbox 377 260 1189 503">
    <p class='ocr_par' dir='ltr' id='par_1_2' title="bbox 377 260 1027 313">
     <span class='ocr_line' id='line_1_2' title="bbox 377 260 1027 313; baseline -0.003 -12"><span class='ocrx_word' id='word_1_4' title='bbox 377 260 545 302; x_wconf 85' lang='lat' dir='ltr'>Nescias</span> <span class='ocrx_word' id='word_1_5' title='bbox 565 276 617 301; x_wconf 91' lang='lat' dir='ltr'>an</span> <span class='ocrx_word' id='word_1_6' title='bbox 639 267 680 301; x_wconf 91' lang='lat' dir='ltr'>te</span> <span class='ocrx_word' id='word_1_7' title='bbox 700 274 894 313; x_wconf 83' lang='lat' dir='ltr'>generum</span> <span class='ocrx_word' id='word_1_8' title='bbox 915 260 1027 300; x_wconf 85' lang='lat' dir='ltr'>beati</span> 
     </span>
    </p>

    <p class='ocr_par' dir='ltr' id='par_1_3' title="bbox 377 325 1189 377">
     <span class='ocr_line' id='line_1_3' title="bbox 377 325 1189 377; baseline -0.002 -13"><span class='ocrx_word' id='word_1_9' title='bbox 377 326 577 377; x_wconf 81' lang='lat' dir='ltr'>Phyllidis</span> <span class='ocrx_word' id='word_1_10' title='bbox 596 326 729 364; x_wconf 88' lang='lat' dir='ltr'>flavae</span> <span class='ocrx_word' id='word_1_11' title='bbox 750 325 944 364; x_wconf 84' lang='lat' dir='ltr'>decorent</span> <span class='ocrx_word' id='word_1_12' title='bbox 964 328 1159 376; x_wconf 88' lang='lat' dir='ltr'>parentes</span> <span class='ocrx_word' id='word_1_13' title='bbox 1180 334 1189 362; x_wconf 75' lang='lat' dir='ltr'>z</span> 
     </span>
    </p>

    <p class='ocr_par' dir='ltr' id='par_1_4' title="bbox 378 389 1085 503">
     <span class='ocr_line' id='line_1_4' title="bbox 378 389 1085 440; baseline -0.003 -12"><span class='ocrx_word' id='word_1_14' title='bbox 378 389 553 440; x_wconf 87' lang='lat' dir='ltr'>Regium</span> <span class='ocrx_word' id='word_1_15' title='bbox 574 393 682 428; x_wconf 89' lang='lat' dir='ltr'>certe</span> <span class='ocrx_word' id='word_1_16' title='bbox 703 401 832 440; x_wconf 86' lang='lat' dir='ltr'>genus</span> <span class='ocrx_word' id='word_1_17' title='bbox 852 392 893 427; x_wconf 88' lang='lat' dir='ltr'>et</span> <span class='ocrx_word' id='word_1_18' title='bbox 913 391 1085 439; x_wconf 84' lang='lat' dir='ltr'>penates</span> 
     </span>
     <span class='ocr_line' id='line_1_5' title="bbox 430 452 781 503; baseline -0.003 -12"><span class='ocrx_word' id='word_1_19' title='bbox 430 453 586 491; x_wconf 88' lang='lat' dir='ltr'>Maeret</span> <span class='ocrx_word' id='word_1_20' title='bbox 606 452 781 503; x_wconf 87' lang='lat' dir='ltr'>iniquos.</span> 
     </span>
    </p>
   </div>
   <div class='ocr_carea' id='block_1_3' title="bbox 377 528 1156 769">
    <p class='ocr_par' dir='ltr' id='par_1_5' title="bbox 377 528 1097 568">
     <span class='ocr_line' id='line_1_6' title="bbox 377 528 1097 568; baseline -0.004 0"><span class='ocrx_word' id='word_1_21' title='bbox 377 529 504 568; x_wconf 82' lang='lat' dir='ltr'>Crede</span> <span class='ocrx_word' id='word_1_22' title='bbox 523 542 606 567; x_wconf 93' lang='lat' dir='ltr'>non</span> <span class='ocrx_word' id='word_1_23' title='bbox 627 529 740 567; x_wconf 85' lang='lat' dir='ltr'>illam</span> <span class='ocrx_word' id='word_1_24' title='bbox 760 529 836 568; x_wconf 90' lang='lat' dir='ltr'>tibi</span> <span class='ocrx_word' id='word_1_25' title='bbox 856 529 906 567; x_wconf 88' lang='lat' dir='ltr'>de</span> <span class='ocrx_word' id='word_1_26' title='bbox 926 528 1097 566; x_wconf 85' lang='lat' dir='ltr'>scelesta</span> 
     </span>
    </p>

    <p class='ocr_par' dir='ltr' id='par_1_6' title="bbox 379 590 1156 642">
     <span class='ocr_line' id='line_1_7' title="bbox 379 590 1156 642; baseline -0.003 -13"><span class='ocrx_word' id='word_1_27' title='bbox 379 592 501 630; x_wconf 90' lang='lat' dir='ltr'>Plebe</span> <span class='ocrx_word' id='word_1_28' title='bbox 522 592 729 637; x_wconf 87' lang='lat' dir='ltr'>dilectam,</span> <span class='ocrx_word' id='word_1_29' title='bbox 751 604 884 642; x_wconf 90' lang='lat' dir='ltr'>neque</span> <span class='ocrx_word' id='word_1_30' title='bbox 905 590 961 629; x_wconf 89' lang='lat' dir='ltr'>sic</span> <span class='ocrx_word' id='word_1_31' title='bbox 980 590 1156 635; x_wconf 87' lang='lat' dir='ltr'>fidelem,</span> 
     </span>
    </p>

    <p class='ocr_par' dir='ltr' id='par_1_7' title="bbox 379 652 1119 769">
     <span class='ocr_line' id='line_1_8' title="bbox 379 652 1119 705; baseline -0.003 -12"><span class='ocrx_word' id='word_1_32' title='bbox 379 654 444 693; x_wconf 83' lang='lat' dir='ltr'>Sic</span> <span class='ocrx_word' id='word_1_33' title='bbox 464 655 576 693; x_wconf 88' lang='lat' dir='ltr'>lucro</span> <span class='ocrx_word' id='word_1_34' title='bbox 597 667 785 693; x_wconf 87' lang='lat' dir='ltr'>aversam</span> <span class='ocrx_word' id='word_1_35' title='bbox 805 654 987 705; x_wconf 88' lang='lat' dir='ltr'>potuisse</span> <span class='ocrx_word' id='word_1_36' title='bbox 1006 652 1119 691; x_wconf 90' lang='lat' dir='ltr'>nasci</span> 
     </span>
     <span class='ocr_line' id='line_1_9' title="bbox 431 718 789 769; baseline -0.003 -12"><span class='ocrx_word' id='word_1_37' title='bbox 431 719 563 757; x_wconf 88' lang='lat' dir='ltr'>Matre</span> <span class='ocrx_word' id='word_1_38' title='bbox 583 718 789 769; x_wconf 90' lang='lat' dir='ltr'>pudenda.</span> 
     </span>
    </p>
   </div>
   <div class='ocr_carea' id='block_1_4' title="bbox 378 795 1212 1024">
    <p class='ocr_par' dir='ltr' id='par_1_8' title="bbox 378 795 1212 844">
     <span class='ocr_line' id='line_1_10' title="bbox 378 795 1212 844; baseline -0.005 -10"><span class='ocrx_word' id='word_1_39' title='bbox 378 795 578 834; x_wconf 81' lang='lat' dir='ltr'>Bracchia</span> <span class='ocrx_word' id='word_1_40' title='bbox 597 799 638 834; x_wconf 90' lang='lat' dir='ltr'>et</span> <span class='ocrx_word' id='word_1_41' title='bbox 657 795 819 833; x_wconf 89' lang='lat' dir='ltr'>voltum</span> <span class='ocrx_word' id='word_1_42' title='bbox 840 799 1070 844; x_wconf 82' lang='lat' dir='ltr'>teretesque</span> <span class='ocrx_word' id='word_1_43' title='bbox 1091 805 1159 831; x_wconf 91' lang='lat' dir='ltr'>sur</span> <span class='ocrx_word' id='word_1_44' title='bbox 1167 805 1212 830; x_wconf 87' lang='lat' dir='ltr'>as</span> 
     </span>
    </p>

    <p class='ocr_par' dir='ltr' id='par_1_9' title="bbox 380 856 1071 910">
     <span class='ocr_line' id='line_1_11' title="bbox 380 856 1071 910; baseline -0.004 -13"><span class='ocrx_word' id='word_1_45' title='bbox 380 859 545 910; x_wconf 86' lang='lat' dir='ltr'>Integer</span> <span class='ocrx_word' id='word_1_46' title='bbox 564 859 688 897; x_wconf 84' lang='lat' dir='ltr'>laudo</span> <span class='ocrx_word' id='word_1_47' title='bbox 708 870 716 904; x_wconf 86' lang='lat'>;</span> <span class='ocrx_word' id='word_1_48' title='bbox 747 858 841 908; x_wconf 83' lang='lat' dir='ltr'>fuge</span> <span class='ocrx_word' id='word_1_49' title='bbox 861 856 1071 908; x_wconf 85' lang='lat' dir='ltr'>suspicari,</span> 
     </span>
    </p>

    <p class='ocr_par' dir='ltr' id='par_1_10' title="bbox 379 920 1104 1024">
     <span class='ocr_line' id='line_1_12' title="bbox 379 920 1104 972; baseline -0.006 -11"><span class='ocrx_word' id='word_1_50' title='bbox 379 921 503 961; x_wconf 90' lang='lat' dir='ltr'>Cuius</span> <span class='ocrx_word' id='word_1_51' title='bbox 522 926 720 960; x_wconf 85' lang='lat' dir='ltr'>octavum</span> <span class='ocrx_word' id='word_1_52' title='bbox 741 920 967 972; x_wconf 86' lang='lat' dir='ltr'>trepidavit</span> <span class='ocrx_word' id='word_1_53' title='bbox 989 925 1104 958; x_wconf 84' lang='lat' dir='ltr'>aetas</span> 
     </span>
     <span class='ocr_line' id='line_1_13' title="bbox 432 984 839 1024; baseline -0.005 0"><span class='ocrx_word' id='word_1_54' title='bbox 432 984 629 1024; x_wconf 87' lang='lat' dir='ltr'>Claudere</span> <span class='ocrx_word' id='word_1_55' title='bbox 651 985 839 1023; x_wconf 90' lang='lat' dir='ltr'>lustrum.</span> 
     </span>
    </p>
   </div>
   <div class='ocr_carea' id='block_1_5' title="bbox 726 1119 909 1240">
    <p class='ocr_par' dir='ltr' id='par_1_11' title="bbox 726 1119 909 1240">
     <span class='ocr_line' id='line_1_14' title="bbox 793 1119 842 1157; baseline 0 0"><span class='ocrx_word' id='word_1_56' title='bbox 793 1119 842 1157; x_wconf 89' lang='lat' dir='ltr'>V.</span> 
     </span>
     <span class='ocr_line' id='line_1_15' title="bbox 726 1189 909 1240; baseline 0 -12"><span class='ocrx_word' id='word_1_57' title='bbox 726 1189 909 1240; x_wconf 84' lang='lat' dir='ltr'>(Alcaic.)</span> 
     </span>
    </p>
   </div>
   <div class='ocr_carea' id='block_1_6' title="bbox 378 1269 1187 1510">
    <p class='ocr_par' dir='ltr' id='par_1_12' title="bbox 378 1269 1187 1510">
     <span class='ocr_line' id='line_1_16' title="bbox 378 1269 1187 1321; baseline -0.004 -11"><span class='ocrx_word' id='word_1_58' title='bbox 378 1271 576 1310; x_wconf 90' lang='lat' dir='ltr'>Nondum</span> <span class='ocrx_word' id='word_1_59' title='bbox 596 1271 770 1310; x_wconf 89' lang='lat' dir='ltr'>subacta</span> <span class='ocrx_word' id='word_1_60' title='bbox 790 1270 893 1309; x_wconf 82' lang='lat' dir='ltr'>ferre</span> <span class='ocrx_word' id='word_1_61' title='bbox 913 1270 1056 1321; x_wconf 85' lang='lat' dir='ltr'>iugum</span> <span class='ocrx_word' id='word_1_62' title='bbox 1075 1269 1187 1308; x_wconf 87' lang='lat' dir='ltr'>valet</span> 
     </span>
     <span class='ocr_line' id='line_1_17' title="bbox 378 1332 1134 1383; baseline -0.003 -10"><span class='ocrx_word' id='word_1_63' title='bbox 378 1335 555 1380; x_wconf 86' lang='lat' dir='ltr'>Cervice,</span> <span class='ocrx_word' id='word_1_64' title='bbox 577 1335 763 1373; x_wconf 90' lang='lat' dir='ltr'>nondum</span> <span class='ocrx_word' id='word_1_65' title='bbox 782 1333 926 1372; x_wconf 89' lang='lat' dir='ltr'>munia</span> <span class='ocrx_word' id='word_1_66' title='bbox 946 1332 1134 1383; x_wconf 75' lang='lat' dir='ltr'>conparis</span> 
     </span>
     <span class='ocr_line' id='line_1_18' title="bbox 430 1396 1021 1449; baseline -0.003 -13"><span class='ocrx_word' id='word_1_67' title='bbox 430 1398 620 1449; x_wconf 90' lang='lat' dir='ltr'>Aequare</span> <span class='ocrx_word' id='word_1_68' title='bbox 639 1409 714 1436; x_wconf 92' lang='lat' dir='ltr'>nec</span> <span class='ocrx_word' id='word_1_69' title='bbox 734 1397 844 1435; x_wconf 87' lang='lat' dir='ltr'>tauri</span> <span class='ocrx_word' id='word_1_70' title='bbox 863 1396 1021 1435; x_wconf 90' lang='lat' dir='ltr'>ruentis</span> 
     </span>
     <span class='ocr_line' id='line_1_19' title="bbox 485 1459 1134 1510; baseline -0.002 -11"><span class='ocrx_word' id='word_1_71' title='bbox 485 1461 534 1499; x_wconf 92' lang='lat' dir='ltr'>In</span> <span class='ocrx_word' id='word_1_72' title='bbox 553 1473 745 1499; x_wconf 88' lang='lat' dir='ltr'>venerem</span> <span class='ocrx_word' id='word_1_73' title='bbox 767 1460 939 1498; x_wconf 85' lang='lat' dir='ltr'>tolerare</span> <span class='ocrx_word' id='word_1_74' title='bbox 960 1459 1134 1510; x_wconf 80' lang='lat' dir='ltr'>ponduS.</span> 
     </span>
    </p>
   </div>
   <div class='ocr_carea' id='block_1_7' title="bbox 377 1536 1260 1765">
    <p class='ocr_par' dir='ltr' id='par_1_13' title="bbox 377 1536 1260 1765">
     <span class='ocr_line' id='line_1_20' title="bbox 378 1536 1073 1577; baseline -0.003 -1"><span class='ocrx_word' id='word_1_75' title='bbox 378 1538 494 1577; x_wconf 86' lang='lat' dir='ltr'>Circa</span> <span class='ocrx_word' id='word_1_76' title='bbox 511 1538 693 1576; x_wconf 80' lang='lat' dir='ltr'>virentes</span> <span class='ocrx_word' id='word_1_77' title='bbox 712 1541 774 1576; x_wconf 88' lang='lat' dir='ltr'>est</span> <span class='ocrx_word' id='word_1_78' title='bbox 794 1536 957 1575; x_wconf 89' lang='lat' dir='ltr'>animus</span> <span class='ocrx_word' id='word_1_79' title='bbox 977 1540 1073 1575; x_wconf 90' lang='lat' dir='ltr'>tuae</span> 
     </span>
     <span class='ocr_line' id='line_1_21' title="bbox 377 1599 1260 1652; baseline -0.005 -12"><span class='ocrx_word' id='word_1_80' title='bbox 377 1600 554 1652; x_wconf 90' lang='lat' dir='ltr'>Campos</span> <span class='ocrx_word' id='word_1_81' title='bbox 574 1601 784 1646; x_wconf 87' lang='lat' dir='ltr'>iuvencae,</span> <span class='ocrx_word' id='word_1_82' title='bbox 805 1612 916 1638; x_wconf 91' lang='lat' dir='ltr'>nunc</span> <span class='ocrx_word' id='word_1_83' title='bbox 936 1599 1073 1638; x_wconf 86' lang='lat' dir='ltr'>fluviis</span> <span class='ocrx_word' id='word_1_84' title='bbox 1092 1610 1260 1649; x_wconf 86' lang='lat' dir='ltr'>gravem</span> 
     </span>
     <span class='ocr_line' id='line_1_22' title="bbox 431 1662 1102 1709; baseline -0.003 -7"><span class='ocrx_word' id='word_1_85' title='bbox 431 1663 610 1702; x_wconf 85' lang='lat' dir='ltr'>Solantis</span> <span class='ocrx_word' id='word_1_86' title='bbox 630 1667 804 1709; x_wconf 87' lang='lat' dir='ltr'>aestum,</span> <span class='ocrx_word' id='word_1_87' title='bbox 826 1675 937 1701; x_wconf 91' lang='lat' dir='ltr'>nunc</span> <span class='ocrx_word' id='word_1_88' title='bbox 957 1662 999 1700; x_wconf 91' lang='lat' dir='ltr'>in</span> <span class='ocrx_word' id='word_1_89' title='bbox 1019 1662 1102 1700; x_wconf 92' lang='lat' dir='ltr'>udo</span> 
     </span>
     <span class='ocr_line' id='line_1_23' title="bbox 483 1724 1083 1765; baseline -0.003 -1"><span class='ocrx_word' id='word_1_90' title='bbox 483 1726 642 1765; x_wconf 89' lang='lat' dir='ltr'>Ludere</span> <span class='ocrx_word' id='word_1_91' title='bbox 663 1738 757 1764; x_wconf 90' lang='lat' dir='ltr'>cum</span> <span class='ocrx_word' id='word_1_92' title='bbox 776 1725 919 1764; x_wconf 85' lang='lat' dir='ltr'>vitulis</span> <span class='ocrx_word' id='word_1_93' title='bbox 939 1724 1083 1763; x_wconf 88' lang='lat' dir='ltr'>salicto</span> 
     </span>
    </p>
   </div>
   <div class='ocr_carea' id='block_1_8' title="bbox 379 1800 1136 2042">
    <p class='ocr_par' dir='ltr' id='par_1_14' title="bbox 379 1800 1136 2042">
     <span class='ocr_line' id='line_1_24' title="bbox 379 1800 1136 1854; baseline -0.004 -13"><span class='ocrx_word' id='word_1_94' title='bbox 379 1802 708 1854; x_wconf 85' lang='lat' dir='ltr'>Praegestientis.</span> <span class='ocrx_word' id='word_1_95' title='bbox 765 1801 878 1840; x_wconf 85' lang='lat' dir='ltr'>Tolle</span> <span class='ocrx_word' id='word_1_96' title='bbox 899 1800 1136 1852; x_wconf 85' lang='lat' dir='ltr'>cupidinem</span> 
     </span>
     <span class='ocr_line' id='line_1_25' title="bbox 379 1863 1078 1904; baseline -0.003 0"><span class='ocrx_word' id='word_1_97' title='bbox 379 1866 543 1904; x_wconf 87' lang='lat' dir='ltr'>Inmitis</span> <span class='ocrx_word' id='word_1_98' title='bbox 562 1877 668 1904; x_wconf 87' lang='lat' dir='ltr'>uvae</span> <span class='ocrx_word' id='word_1_99' title='bbox 691 1877 698 1903; x_wconf 92' lang='lat'>:</span> <span class='ocrx_word' id='word_1_100' title='bbox 730 1865 812 1903; x_wconf 91' lang='lat' dir='ltr'>iam</span> <span class='ocrx_word' id='word_1_101' title='bbox 834 1864 911 1903; x_wconf 91' lang='lat' dir='ltr'>tibi</span> <span class='ocrx_word' id='word_1_102' title='bbox 930 1863 1078 1902; x_wconf 88' lang='lat' dir='ltr'>lividos</span> 
     </span>
     <span class='ocr_line' id='line_1_26' title="bbox 431 1929 1123 1979; baseline -0.006 -11"><span class='ocrx_word' id='word_1_103' title='bbox 431 1929 669 1979; x_wconf 85' lang='lat' dir='ltr'>Distinguet</span> <span class='ocrx_word' id='word_1_104' title='bbox 689 1932 917 1966; x_wconf 87' lang='lat' dir='ltr'>autumnus</span> <span class='ocrx_word' id='word_1_105' title='bbox 938 1939 1123 1965; x_wconf 82' lang='lat' dir='ltr'>racemos</span> 
     </span>
     <span class='ocr_line' id='line_1_27' title="bbox 484 1990 1021 2042; baseline -0.004 -12"><span class='ocrx_word' id='word_1_106' title='bbox 484 1992 696 2042; x_wconf 90' lang='lat' dir='ltr'>Purpureo</span> <span class='ocrx_word' id='word_1_107' title='bbox 715 1991 855 2029; x_wconf 86' lang='lat' dir='ltr'>varius</span> <span class='ocrx_word' id='word_1_108' title='bbox 876 1990 1021 2029; x_wconf 89' lang='lat' dir='ltr'>colore.</span> 
     </span>
    </p>
   </div>
   <div class='ocr_carea' id='block_1_9' title="bbox 378 2066 1201 2307">
    <p class='ocr_par' dir='ltr' id='par_1_15' title="bbox 378 2066 1201 2307">
     <span class='ocr_line' id='line_1_28' title="bbox 380 2066 1201 2119; baseline -0.006 -11"><span class='ocrx_word' id='word_1_109' title='bbox 380 2069 470 2108; x_wconf 89' lang='lat' dir='ltr'>Iam</span> <span class='ocrx_word' id='word_1_110' title='bbox 491 2073 532 2107; x_wconf 85' lang='lat' dir='ltr'>te</span> <span class='ocrx_word' id='word_1_111' title='bbox 552 2073 747 2119; x_wconf 85' lang='lat' dir='ltr'>sequetur</span> <span class='ocrx_word' id='word_1_112' title='bbox 775 2077 782 2104; x_wconf 88' lang='lat'>:</span> <span class='ocrx_word' id='word_1_113' title='bbox 809 2068 936 2106; x_wconf 87' lang='lat' dir='ltr'>currit</span> <span class='ocrx_word' id='word_1_114' title='bbox 957 2066 1066 2105; x_wconf 85' lang='lat' dir='ltr'>enim</span> <span class='ocrx_word' id='word_1_115' title='bbox 1087 2066 1201 2103; x_wconf 75' lang='lat' dir='ltr'>ferox</span> 
     </span>
     <span class='ocr_line' id='line_1_29' title="bbox 378 2129 1122 2181; baseline -0.005 -11"><span class='ocrx_word' id='word_1_116' title='bbox 378 2132 518 2177; x_wconf 91' lang='lat' dir='ltr'>Aetas,</span> <span class='ocrx_word' id='word_1_117' title='bbox 539 2136 581 2170; x_wconf 92' lang='lat' dir='ltr'>et</span> <span class='ocrx_word' id='word_1_118' title='bbox 603 2131 672 2176; x_wconf 88' lang='lat' dir='ltr'>illi,</span> <span class='ocrx_word' id='word_1_119' title='bbox 694 2143 798 2181; x_wconf 90' lang='lat' dir='ltr'>quos</span> <span class='ocrx_word' id='word_1_120' title='bbox 819 2129 895 2169; x_wconf 88' lang='lat' dir='ltr'>tibi</span> <span class='ocrx_word' id='word_1_121' title='bbox 915 2129 1122 2174; x_wconf 62' lang='lat' dir='ltr'>demsefflt,</span> 
     </span>
     <span class='ocr_line' id='line_1_30' title="bbox 431 2193 1134 2245; baseline -0.006 -12"><span class='ocrx_word' id='word_1_122' title='bbox 431 2195 626 2245; x_wconf 91' lang='lat' dir='ltr'>Adponet</span> <span class='ocrx_word' id='word_1_123' title='bbox 647 2206 776 2232; x_wconf 91' lang='lat' dir='ltr'>annos</span> <span class='ocrx_word' id='word_1_124' title='bbox 796 2204 804 2238; x_wconf 86' lang='lat'>;</span> <span class='ocrx_word' id='word_1_125' title='bbox 834 2193 919 2231; x_wconf 91' lang='lat' dir='ltr'>iam</span> <span class='ocrx_word' id='word_1_126' title='bbox 938 2196 1134 2242; x_wconf 88' lang='lat' dir='ltr'>proterva</span> 
     </span>
     <span class='ocr_line' id='line_1_31' title="bbox 485 2254 1174 2307; baseline -0.004 -12"><span class='ocrx_word' id='word_1_127' title='bbox 485 2257 637 2295; x_wconf 89' lang='lat' dir='ltr'>Fronte</span> <span class='ocrx_word' id='word_1_128' title='bbox 657 2261 772 2307; x_wconf 87' lang='lat' dir='ltr'>petet</span> <span class='ocrx_word' id='word_1_129' title='bbox 793 2255 944 2306; x_wconf 83' lang='lat' dir='ltr'>Lalage</span> <span class='ocrx_word' id='word_1_130' title='bbox 964 2254 1174 2299; x_wconf 87' lang='lat' dir='ltr'>maritum,</span> 
     </span>
    </p>
   </div>
   <div class='ocr_carea' id='block_1_10' title="bbox 1423 148 1471 188">
    <p class='ocr_par' dir='ltr' id='par_1_16' title="bbox 1423 148 1471 188">
     <span class='ocr_line' id='line_1_32' title="bbox 1423 148 1471 188; baseline 0 0"><span class='ocrx_word' id='word_1_131' title='bbox 1423 148 1471 188; x_wconf 84' lang='lat'>55</span> 
     </span>
    </p>
   </div>
   <div class='ocr_carea' id='block_1_11' title="bbox 1415 724 1470 752">
    <p class='ocr_par' dir='ltr' id='par_1_17' title="bbox 1415 724 1470 752">
     <span class='ocr_line' id='line_1_33' title="bbox 1415 724 1470 752; baseline 0 0"><span class='ocrx_word' id='word_1_132' title='bbox 1415 724 1470 752; x_wconf 89' lang='grc'>20</span> 
     </span>
    </p>
   </div>
   <div class='ocr_carea' id='block_1_12' title="bbox 1419 1872 1467 1899">
    <p class='ocr_par' dir='ltr' id='par_1_18' title="bbox 1419 1872 1467 1899">
     <span class='ocr_line' id='line_1_34' title="bbox 1419 1872 1467 1899; baseline 0 0"><span class='ocrx_word' id='word_1_133' title='bbox 1419 1872 1467 1899; x_wconf 90' lang='lat'>10</span> 
     </span>
    </p>
   </div>
   <div class='ocr_carea' id='block_1_13' title="bbox 1424 2198 1470 2237">
    <p class='ocr_par' dir='ltr' id='par_1_19' title="bbox 1424 2198 1470 2237">
     <span class='ocr_line' id='line_1_35' title="bbox 1424 2198 1470 2237; baseline 0 0"><span class='ocrx_word' id='word_1_134' title='bbox 1424 2198 1470 2237; x_wconf 87' lang='lat'>15</span> 
     </span>
    </p>
   </div>
  </div>
 </body>
</html>
