1710 2604
231 197 281 236 32

799 196 970 224 HORACE

443 308 600 347 Nereus
620 307 719 346 fata.
779 305 802 320 ‘¹
822 306 932 346 Mala
949 306 1067 346 ducis
1087 307 1155 346 avi
1175 307 1361 353 domum,
1513 317 1536 358 5

443 371 579 422 Quam
598 371 732 409 multo
751 374 911 421 repetet
931 369 1104 409 Graecia
1124 370 1267 417 milite,

442 434 667 474 Coniurata
687 437 781 472 tuas
801 445 990 484 rumpere
1010 433 1180 484 nuptias

495 498 552 537 Et
572 510 744 548 regnum
766 496 918 535 Priami
937 500 1073 536 vetus.

442 608 536 647 Heu
562 607 657 654 heu,
679 611 863 658 quantus
882 606 1011 658 equis
1033 613 1218 658 quantus
1238 609 1356 648 adest
1377 609 1475 648 viris

441 672 574 711 Sudor
599 671 606 709 1
638 675 798 722 quanta
817 682 960 709 moves
980 669 1126 709 funera
1146 671 1368 710 Dardanae
1489 684 1537 711 10

440 735 564 774 Genti
587 734 594 773 2
627 735 718 774 Iam
738 734 899 785 galeam
920 734 1056 773 PaHas
1076 738 1117 773 et
1139 734 1285 786 aegida

493 799 726 849 Currusque
747 802 788 836 et
808 797 966 836 rabiem
986 801 1120 848 parat.

439 909 706 961 Nequiquam
726 907 895 947 Veneris
915 908 1120 959 praesidio
1141 908 1257 947 ferox

441 973 585 1012 Pectes
604 971 840 1017 caesariem,
862 975 1064 1022 grataque
1086 971 1249 1010 feminis

441 1035 588 1076 Inbelli
608 1035 769 1074 cithara
789 1034 975 1073 carmina
995 1034 1155 1073 divides
1174 1046 1183 1080 ;
1489 1046 1534 1086 15

490 1098 758 1150 Nequiquam
779 1097 965 1137 thalamo
986 1110 1133 1149 graves

439 1210 595 1249 Hastas
614 1213 656 1248 et
676 1207 825 1248 calami
845 1207 1004 1259 spicula
1023 1207 1160 1247 Cnosii

436 1273 599 1313 Vitabis
618 1272 924 1323 strepitumque
944 1275 986 1310 et
1007 1271 1179 1310 celerem
1200 1272 1317 1323 sequi

436 1338 605 1377 Aiacem
628 1349 635 1376 :
667 1340 822 1382 tamen,
843 1335 925 1374 heu
945 1348 1059 1374 serus
1081 1335 1088 1374 ἔ
1120 1336 1330 1375 adulteros

489 1400 630 1440 Crines
650 1399 819 1451 pulvere
839 1398 1018 1437 collines.
1483 1412 1533 1440 20

436 1512 531 1551 Non
551 1510 812 1555 Laertiaden,
834 1509 1008 1548 exitium
1029 1513 1127 1548 tuae

436 1575 593 1620 Gentis,
614 1587 698 1613 non
719 1573 883 1624 Pylium
902 1573 1083 1612 Nestora
1102 1572 1268 1624 respicis
1286 1572 1301 1612 ?

438 1640 626 1690 Urguent
645 1637 832 1688 inpavidi
852 1641 893 1675 te
914 1636 1164 1675 Salaminius

490 1702 657 1747 Teucer,
680 1706 721 1740 te
741 1700 973 1746 Sthenelus
994 1699 1126 1739 sciens

440 1814 619 1864 Pugnae,
640 1811 726 1851 sive
746 1823 850 1862 opus
870 1815 932 1849 est
952 1810 1190 1861 imperitare
1209 1810 1338 1861 equis,
1479 1821 1528 1861 25

438 1876 533 1915 Non
554 1875 695 1926 auriga
717 1874 841 1926 piger.
900 1874 1110 1913 Merionen
1131 1886 1298 1925 quoque

438 1940 604 1978 Nosces.
664 1938 770 1977 Ecce
792 1937 905 1983 furit,
927 1941 968 1975 te
989 1936 1164 1988 reperire
1185 1941 1306 1976 atrox

492 2004 674 2056 Tydides
694 2003 838 2042 melior
857 2006 988 2054 patre,

441 2115 573 2166 Quem
595 2119 654 2160 tu,
675 2126 821 2153 cervus
841 2113 903 2152 uti
923 2113 1042 2152 vallis
1062 2112 1103 2151 in
1125 2113 1256 2151 altera

441 2182 585 2220 Visum
605 2184 723 2232 parte
744 2187 888 2231 lupum
907 2179 1104 2231 graminis
1124 2178 1338 2223 inmemor.
1483 2189 1536 2228 30

442 2244 616 2285 Sublimi
637 2244 766 2294 fugies
786 2243 920 2282 mollis
939 2242 1139 2290 anhelitu,

495 2308 590 2348 Non
609 2308 686 2348 hoc
706 2307 913 2362 pollicitus
933 2311 1042 2350 tuae.
