1679 2583
421 406 486 460 Q.
543 406 832 457 HORATI
892 408 1158 458 FLACCI

541 516 1044 576 CARMINUM

556 649 731 688 LIBER
768 650 1024 691 TERTIUS.
1149 625 1178 659 's

766 725 798 765 Ι.

689 802 874 853 (Αἶεαίε.)

340 888 423 927 OD1
441 889 664 940 profanum
684 890 830 940 volgus
850 894 891 928 et
911 903 1042 930 arceo.

341 951 497 990 Favete
516 952 666 1003 linguis
685 965 693 999 3
724 953 908 992 carmina
928 966 1011 992 non
1031 954 1144 1004 prius

391 1015 550 1054 Audita
570 1015 783 1054 Musarum
802 1017 994 1055 sacerdos

444 1078 682 1128 Virginibus
702 1079 922 1129 puerisque
942 1084 1079 1118 canto.

338 1187 500 1238 Regum
521 1187 801 1227 timendorum
822 1188 864 1226 in
883 1188 1072 1239 proprios
1091 1201 1243 1239 greges,

337 1250 470 1300 Reges
489 1250 531 1289 in
550 1250 662 1301 ipsos
681 1250 942 1301 imperiumst
965 1251 1089 1297 Iovis,

389 1313 496 1351 Clari
516 1313 721 1364 Giganteo
742 1313 967 1364 triumpho,

441 1376 602 1415 Cuncta
621 1376 838 1426 supercilio
858 1377 1078 1416 moventis.

334 1486 411 1524 Est
431 1490 479 1525 ut
499 1486 588 1524 viro
609 1485 672 1524 vir
690 1485 817 1524 latius
836 1486 1000 1525 ordinet

333 1548 518 1588 Arbusta
537 1549 672 1594 sulcis,
693 1548 760 1586 hic
779 1549 1013 1599 generosior

386 1612 623 1650 Descendat
643 1611 685 1650 in
705 1624 901 1662 campum
921 1612 1089 1663 petitor,

439 1674 623 1713 Moribus
642 1673 710 1713 hic
728 1675 955 1725 meliorque
975 1675 1089 1714 fama

332 1783 581 1829 Contendat,
603 1783 660 1822 illi
682 1784 806 1822 turba
826 1784 1039 1822 clientium

332 1846 393 1884 Sit
414 1846 546 1884 maior
568 1858 574 1884 t
607 1859 742 1897 aequa
760 1846 847 1896 lege
867 1846 1102 1885 Necessitas

385 1909 566 1947 Sortitur
586 1909 765 1959 insignes
785 1913 826 1947 et
846 1909 950 1947 imos
970 1921 977 1954 ;

438 1971 571 2009 Omne
591 1984 724 2022 capax
745 1976 887 2010 movet
907 1984 1012 2009 urna
1032 1984 1197 2011 nomen.

330 2080 565 2119 Destrictus
584 2081 691 2119 ensis
711 2081 777 2119 cui
797 2093 920 2131 super
939 2081 1053 2131 inpia

331 2142 498 2181 Cervice
518 2143 685 2193 pendet,
708 2156 792 2181 non
813 2143 973 2181 Siculae
994 2143 1122 2194 dapes

384 2205 559 2243 Dulcem
580 2205 857 2243 elaborabunt
877 2218 1081 2256 saporem,

436 2268 531 2307 Non
551 2268 693 2306 avium
714 2268 981 2319 citharaeque
1002 2273 1150 2307 cantus

752 2339 793 2371 73

1383 1561 1430 1588 10

1375 2279 1425 2307 20
