1679 2583
687 186 798 215 ODES
829 188 891 216 111.
924 189 987 230 29.
1418 197 1491 237 107

393 281 564 322 Summo
585 286 778 332 carmine,
802 300 909 337 quae
930 288 1091 328 Cnidon

445 345 750 398 Fulgentesque
772 354 887 388 tenet
909 350 1111 401 Cycladas
1131 357 1172 392 et
1196 354 1368 406 Paphon

394 408 552 448 Iunctis
572 410 671 449 visit
692 412 886 458 oloribus,
1442 431 1488 470 15

444 471 618 511 Dicetur
636 485 644 518 ;
676 475 825 513 merita
845 476 941 514 Nox
961 489 1128 529 quoque
1147 480 1282 519 nenia.

757 623 906 664 XXIX.

738 698 923 749 (Alcaic.)

389 769 603 820 Tyrrhena
622 785 766 824 regum
785 776 1012 826 progenies,
1036 778 1113 816 tibi

387 833 481 872 Non
502 840 600 873 ante
620 849 740 876 verso
760 838 850 876 lene
870 852 1032 878 merum
1052 842 1156 880 cado

439 895 542 935 Cum
563 899 673 944 flore,
697 899 926 947 Maecenas,
948 915 1136 942 rosarum
1157 909 1200 944 et

493 960 637 1000 Pressa
658 963 741 1002 tuis
761 963 937 1003 balanus
957 966 1116 1016 capillis

386 1036 638 1076 Iamdudum
659 1039 772 1089 apud
792 1045 899 1080 mest
922 1053 929 1080 :
961 1042 1072 1093 eripe
1094 1047 1134 1082 te
1155 1057 1307 1091 morae,
1457 1057 1479 1096 5

383 1098 445 1137 Ne
465 1112 627 1151 semper
646 1102 777 1141 udum
798 1102 926 1141 Tibur
946 1109 987 1143 et
1007 1105 1181 1145 Aefulae

435 1162 604 1202 Declive
625 1167 917 1217 contempleris
937 1180 1086 1207 arvum
1106 1174 1148 1208 et

487 1225 682 1276 Telegoni
702 1227 797 1278 iuga
816 1230 1059 1279 parricidae.

381 1301 659 1342 Fastidiosam
680 1304 820 1344 desere
841 1307 1004 1357 copiam
1024 1312 1066 1347 et

379 1363 530 1403 Molem
549 1367 829 1417 propinquam
849 1369 1031 1409 nubibus
1052 1372 1204 1418 arduis,
1428 1387 1477 1413 10

432 1426 591 1466 Omitte
611 1429 753 1468 mirari
773 1430 922 1470 beatae

484 1490 664 1529 Fumum
684 1497 726 1531 et
746 1497 845 1544 opes
865 1496 1172 1548 strepitumque
1194 1498 1365 1538 Romae.

377 1565 625 1618 Plerumque
645 1574 788 1619 gratae
808 1571 1012 1611 divitibus
1032 1573 1142 1612 vices

375 1629 639 1681 Mundaeque
658 1645 790 1682 parvo
809 1634 888 1673 sub
907 1635 992 1674 lare
1011 1649 1244 1688 pauperum

427 1691 560 1731 Cenae
580 1693 668 1732 sine
689 1696 844 1735 aulaeis
864 1701 905 1735 et
925 1702 1040 1736 ostro
1424 1713 1469 1752 15

479 1754 708 1795 Sollicitam
728 1759 961 1809 explicuere
981 1760 1174 1801 frontem.

374 1831 464 1869 Iam
485 1832 618 1871 clarus
638 1834 848 1872 occultum
870 1835 1161 1876 Andromedae
1180 1844 1301 1890 pater

372 1892 568 1933 Ostendit
587 1895 737 1945 ignem,
759 1896 843 1935 iam
864 1898 1053 1949 Procyon
1074 1900 1175 1940 furit

423 1956 480 1994 Et
498 1957 619 1995 stella
639 1959 782 1997 vesani
802 1959 952 2000 Leonis

475 2019 568 2058 Sole
588 2021 674 2060 dies
694 2022 895 2062 referente
915 2024 1044 2064 siccos
1067 2037 1075 2064 :
1415 2042 1465 2068 20

369 2095 460 2133 Iam
479 2100 624 2145 pastor
642 2097 812 2136 umbras
832 2111 927 2138 cum
946 2113 1066 2151 grege
1086 2102 1284 2153 languido

368 2157 607 2208 Rivumque
627 2159 758 2199 fessus
778 2163 941 2211 quaerit
961 2168 1003 2201 et
1023 2163 1180 2204 horridi

420 2220 604 2259 Dumeta
624 2221 793 2268 Silvani,
816 2229 1012 2276 caretque

473 2283 583 2332 Ripa
601 2285 718 2333 vagis
738 2286 950 2326 taciturna
968 2289 1119 2329 ventis.
