1700 2573
634 160 745 191 ones
774 157 800 186 1.
831 156 867 196 5,
897 144 933 185 6.
1386 149 1435 188 23

760 270 809 308 V.

635 353 866 408 (Asclepiad
884 351 936 402 5.)

349 442 449 494 Quis
467 439 600 479 multa
619 433 778 487 gracilis
798 436 839 471 te
858 442 959 482 puer
977 428 1020 467 in
1039 439 1132 466 rosa

349 505 542 546 Perfusus
560 498 725 551 liquidis
744 499 861 546 urget
881 491 1076 532 odoribus

403 568 545 611 Grato,
568 561 739 614 Pyrrha,
761 558 837 598 sub
858 555 1009 596 antro?

457 631 534 672 Cui
552 631 706 669 flavam
726 625 871 676 religas
891 633 1066 666 comam,

353 711 534 763 Simplex
554 703 772 746 munditiis
788 702 804 741 ?
864 701 958 739 Heu
979 697 1170 750 quotiens
1189 695 1312 734 fidem
1417 702 1439 742 5

354 778 624 822 Mutatosque
643 769 741 808 deos
760 764 876 805 flebit
896 768 937 802 et
958 774 1103 813 aspera

405 836 542 888 Nigris
561 844 740 884 aequora
758 828 895 868 ventis

460 896 717 939 Emirabitur
735 892 926 935 insolens,

355 979 437 1031 Qui
454 988 564 1016 nunc
583 979 624 1013 te
644 971 794 1011 fruitur
813 967 1002 1008 credulus
1021 976 1158 1009 aurea,

357 1043 437 1095 Qui
456 1050 615 1090 semper
633 1046 822 1078 vacuam,
845 1042 1004 1081 semper
1024 1027 1244 1067 amabilem
1394 1035 1442 1062 10

412 1105 571 1156 Sperat,
592 1098 751 1138 nescius
771 1107 895 1135 aurae

465 1163 650 1205 Fallacis.
708 1158 856 1204 Miseri,
877 1156 1028 1208 quibus

362 1246 623 1294 Intemptata
641 1239 760 1278 nites.
818 1236 884 1274 Me
904 1232 1049 1272 tabula
1068 1241 1181 1269 sacer

359 1308 514 1349 Votiva
532 1303 666 1357 paries
685 1300 841 1340 indicat
861 1297 989 1336 uvida

415 1365 681 1421 Suspendisse
699 1361 862 1416 potenti
1403 1361 1448 1401 15

469 1431 727 1471 Vestimenta
746 1425 871 1465 maris
890 1424 980 1462 deo.

771 1647 841 1685 VI.

656 1730 888 1785 (Asclepiad
905 1730 960 1780 4.)

318 1813 514 1856 Scriberis
533 1810 658 1851 Vario
677 1807 795 1847 fortis
815 1810 856 1844 et
875 1803 1059 1843 hostium

316 1880 460 1919 Victor
479 1873 657 1916 Maeonii
676 1869 868 1910 carminis
887 1867 997 1911 alite,

322 1942 458 1994 Quam
477 1951 564 1978 rem
583 1947 760 1986 cumque
780 1933 895 1971 ferox
914 1928 1092 1968 navibus
1112 1931 1185 1965 aut
1205 1924 1322 1976 equis

429 2003 546 2043 Miles
565 2005 607 2040 te
625 2000 729 2038 duce
748 1994 928 2048 gesserit.

321 2080 421 2125 Nos,
442 2076 638 2128 Agrippa,
658 2084 791 2123 neque
810 2070 912 2108 haec
933 2067 1066 2106 dicere
1085 2076 1160 2103 nec
1179 2073 1347 2114 gravem
1448 2066 1469 2106 5

327 2145 493 2185 Pelidae
513 2139 776 2181 stomachum
796 2135 937 2175 cedere
957 2131 1095 2177 nescii,
1116 2146 1120 2147 ⁷

330 2210 417 2247 Nee
436 2217 578 2246 cursus
598 2201 772 2254 duplicis
791 2211 863 2251 per
884 2209 996 2236 mare
1016 2193 1166 2239 Ulixei,

440 2270 526 2309 Nec
546 2279 713 2307 saevam
733 2262 895 2314 Pelopis
915 2261 1087 2299 domum
