1710 2604
797 180 973 209 HORACE

440 283 586 323 Solvat
606 281 806 333 phaselon
826 292 835 326 ;
865 292 989 330 saepe
1009 277 1219 329 Diespiter

440 346 664 397 Neglectus
683 344 842 383 incesto
863 342 1028 382 addidit
1047 342 1272 393 integrum,

496 409 608 447 Raro
629 406 949 446 antecedentem
968 405 1189 444 scelestum

548 470 742 510 Deseruit
761 469 867 522 pede
889 469 1029 507 Poena
1048 467 1211 506 claudo.

849 601 924 640 111.
1162 592 1183 611 v

781 675 969 726 (Alcaic.)

443 756 609 794 Iustum
629 759 671 793 et
693 758 884 793 tenacem
904 751 1109 804 propositi
1129 751 1266 790 virum

441 819 538 857 Non
558 817 714 857 civium
735 816 858 856 ardor
878 827 1010 867 prava
1030 814 1279 860 iubentium,

495 881 592 920 Non
612 881 754 920 voltus
773 878 971 919 instantis
992 877 1162 929 tyranni

550 944 690 983 Mente
710 943 850 994 quatit
871 941 1016 987 solida,
1038 953 1174 992 neque
1195 941 1362 986 Auster,

444 1028 542 1066 Dux
561 1025 740 1078 inquieti
760 1024 954 1065 turbidus
976 1023 1172 1069 Hadriae,

443 1091 530 1130 Nec
550 1089 823 1134 fulminantis,
834 1100 988 1138 magna
1007 1099 1158 1126 manus
1179 1085 1291 1125 Iovis
1309 1097 1320 1133 ;

497 1154 540 1193 Si
560 1154 719 1192 fractus
738 1151 952 1191 inlabatur
971 1151 1095 1196 orbis,

552 1216 808 1268 Inpavidum
828 1215 978 1254 ferient
998 1215 1154 1253 ruinae.

445 1297 538 1336 Hac
558 1301 647 1335 arte
669 1295 818 1334 Pollux
837 1299 880 1334 et
901 1307 1033 1346 vagus
1054 1293 1253 1332 Hercules

444 1360 597 1399 Enisus
617 1371 731 1398 arces
751 1358 894 1410 attigit
914 1359 1068 1409 igneas,

499 1422 613 1474 Quos
632 1422 741 1461 inter
760 1422 976 1473 Augustus
995 1420 1242 1460 recumbens

554 1486 768 1536 Purpureo
788 1484 905 1524 bibet
925 1497 995 1523 ore
1014 1488 1170 1523 nectar.

448 1566 540 1605 Hac
560 1571 602 1605 te
622 1570 864 1610 merentem,
887 1563 1051 1603 Bacche
1071 1568 1204 1615 pater,
1227 1568 1326 1602 tuae

446 1629 604 1668 Vexere
626 1628 764 1679 tigres,
785 1627 954 1667 indocili
973 1627 1116 1678 iugum

500 1692 614 1731 Collo
635 1691 850 1731 trahentes
869 1703 877 1737 ;
907 1690 988 1730 hac
1007 1689 1205 1741 Quirinus

500 1755 647 1794 Martis
667 1755 784 1806 equis
804 1753 1043 1793 Acheronta
1064 1753 1185 1805 fugit,

448 1837 627 1876 Gratum
647 1837 813 1876 elocuta
832 1835 1150 1875 consiliantibus

451 1901 611 1939 Iunone
631 1900 740 1940 divis
761 1911 770 1939 ε
803 1900 811 1913 ‘
832 1900 951 1945 Ilion,
976 1899 1081 1938 Ilion

504 1964 661 2003 Fatalis
681 1963 947 2014 incestusque
967 1962 1093 2002 iudex

558 2027 613 2066 Et
635 2026 782 2065 mulier
801 2026 1018 2077 peregrina
1036 2024 1166 2065 vertit

453 2109 501 2147 In
523 2109 751 2159 pulverem,
773 2121 825 2146 ex
845 2120 929 2158 quo
949 2107 1143 2146 destituit
1163 2107 1264 2146 deos

453 2172 640 2211 Mercede
660 2177 786 2223 pacta
807 2171 1047 2211 Laomedon
1068 2170 1169 2209 mihi

506 2234 738 2286 Castaeque
758 2235 1010 2273 damnatum
1031 2234 1242 2273 Minervae

560 2297 664 2336 Cum
685 2298 841 2350 populo
861 2302 902 2336 et
924 2297 1028 2336 duce
1050 2296 1330 2336 fraudulento.

1493 350 1545 390 30

1499 1366 1548 1394 10

1503 2035 1554 2063 20
