1710 2604
210 183 261 222 86

782 187 957 220 HORACE

426 293 599 331 Frustra
621 304 628 331 :
660 304 759 330 nam
779 291 959 342 scopulis
979 291 1143 330 surdior
1163 290 1269 330 Icari

426 358 557 396 Voces
577 356 697 395 audit
718 355 856 394 adhuc
875 356 1047 406 integer.
1106 355 1163 394 At
1183 355 1261 394 tibi

480 420 542 459 Ne
563 420 725 458 vicinus
745 419 931 469 Enipeus

536 483 634 522 Plus
653 483 764 521 iusto
784 483 948 533 placeat
969 494 1071 520 cave
1091 493 1099 528 ;

428 560 631 611 Quamvis
650 572 734 598 non
755 560 861 598 alius
881 559 1045 597 flectere
1065 571 1220 609 equum
1241 559 1373 597 sciens
1480 569 1528 608 25

429 625 571 675 Aeque
592 623 848 674 conspicitur
866 622 1052 673 gramine
1073 621 1237 668 Martio,

481 687 568 725 Nec
589 687 813 738 quisquam
834 686 942 725 citus
962 698 1093 736 aeque

535 750 671 789 Tusco
691 750 868 790 denatat
888 750 1021 788 alveo.

431 829 570 867 Prima
589 832 712 866 nocte
732 827 906 866 domum
927 826 1073 865 claude
1093 839 1228 877 neque
1249 827 1290 865 in
1312 827 1401 866 vias

430 892 516 931 Sub
537 896 665 930 cantu
686 892 883 942 querulae
904 890 1068 941 despice
1090 889 1230 936 tibiae,
1482 903 1532 940 30

484 956 540 994 Et
562 961 603 994 te
623 967 746 1006 saepe
766 954 937 993 vocanti

538 1019 698 1057 Duram
720 1018 897 1056 difficilis
917 1030 1052 1056 mane.
1075 1040 1078 1042 v

432 1315 594 1354 Martiis
614 1314 776 1353 caelebs
796 1314 899 1365 quid
919 1327 1041 1365 agam
1064 1315 1277 1359 Kalendis,

432 1378 542 1429 Quid
563 1378 695 1416 velint
716 1378 837 1416 flores
857 1382 899 1416 et
919 1390 1060 1416 acerra
1082 1378 1185 1417 turis

434 1442 561 1481 Plena
582 1441 744 1480 miraris
765 1441 1010 1492 positusque
1031 1441 1156 1480 carbo
1176 1442 1218 1480 in

487 1505 651 1556 Cespite
672 1505 784 1550 vivo,

433 1583 568 1622 Docte
587 1595 798 1621 sermones
819 1582 1037 1633 utriusque
1058 1583 1223 1633 linguae
1240 1583 1254 1609 ³
1515 1592 1537 1632 5

434 1647 642 1685 Voveram
664 1646 805 1685 dulces
825 1647 969 1696 epulas
989 1650 1031 1685 et
1052 1646 1194 1685 album

436 1709 584 1748 Libero
605 1722 777 1760 caprum
800 1721 928 1760 prope
949 1709 1167 1749 funeratus

488 1772 659 1811 Arboris
680 1772 779 1811 ictu.

436 1850 516 1889 Hic
536 1850 624 1889 dies
645 1862 755 1888 anno
776 1849 977 1889 redeunte
998 1849 1129 1889 festus

435 1913 641 1952 Corticem
662 1913 913 1952 adstrictum
935 1913 1024 1964 pice
1045 1913 1278 1952 dimovebit
1493 1925 1542 1952 10

436 1977 688 2028 Amphorae,
711 1976 875 2015 fumum
895 1976 1037 2015 bibere
1057 1977 1279 2016 institutae

490 2040 666 2080 Consule
686 2040 819 2079 Tullo.

437 2118 575 2164 Sume,
598 2118 829 2163 Maecenas,
852 2117 1002 2168 cythos
1022 2117 1145 2156 amici

437 2181 614 2232 Sospitis
635 2186 804 2219 centum
826 2186 868 2219 et
889 2180 1034 2231 vigiles
1054 2181 1243 2219 lucernas

439 2245 578 2283 Perfer
598 2245 639 2283 in
661 2245 795 2283 lucem
819 2256 825 2283 :
859 2244 1002 2295 procul
1023 2244 1159 2282 omnis
1179 2248 1269 2282 esto
1495 2252 1542 2292 15

492 2307 657 2346 Clamor
676 2313 718 2347 et
738 2308 812 2347 ira.
