1679 2583
666 160 778 191 oDEs
808 163 870 193 111.
903 166 939 205 9.
1408 159 1458 210 87

362 257 483 297 Mitte
503 260 643 300 civiles
662 274 786 312 super
806 263 906 302 urbe
927 277 1045 304 curas
1067 276 1076 305 ε

361 321 523 362 Occidit
543 324 647 363 Daci
668 324 873 366 Cotisonis
893 340 1054 378 agmen,

359 383 504 424 Medus
523 386 699 426 infestus
719 389 797 427 sibi
816 390 1016 430 luctuosis

411 447 595 488 Dissidet
615 452 753 497 armis,
965 486 970 491 .
1404 469 1455 496 20

358 523 493 563 Servit
514 525 728 577 Hispanae
749 533 870 568 vetus
890 529 1021 570 hostis
1041 544 1136 571 orae

356 585 565 626 Cantaber
583 602 674 628 sera
693 591 878 631 domitus
899 598 1059 640 catena,

357 649 446 688 Iam
468 650 648 701 Scythae
668 654 764 692 laxo
784 655 1044 695 meditantur
1063 670 1162 697 arcu

407 711 558 752 Cedere
579 717 750 766 campis.

353 787 593 839 Neglegens,
615 804 666 830 ne
687 805 771 843 qua
790 796 970 845 populus
989 796 1164 844 laboret,
1399 810 1448 850 25

354 850 479 890 Parce
498 854 689 903 privatus
709 857 885 896 nimium
906 871 1051 897 cavere
1071 872 1079 905 ;

351 912 473 952 Dona
492 919 721 965 praesentis
741 932 843 971 cape
863 921 998 960 laetus
1017 922 1157 970 horae,

403 976 563 1028 Linque
583 992 740 1020 severa.

755 1124 825 1163 IX.

637 1196 873 1248 (Asclepiad
890 1198 944 1249 3.)

346 1273 543 1314 IUVENIS.
604 1277 613 1290 ‘
632 1277 775 1318 Donec
795 1285 939 1330 gratus
959 1295 1073 1321 eram
1094 1283 1171 1322 tibi

397 1337 483 1376 Nec
504 1339 727 1390 quisquam
747 1343 886 1392 potior
905 1344 1100 1384 bracchia
1119 1347 1321 1388 candidae

343 1398 503 1438 Cervici
522 1401 683 1441 iuvenis
704 1404 847 1451 dabat,

397 1462 615 1503 Persarum
635 1466 749 1517 vigui
768 1481 861 1518 rege
881 1469 1071 1509 beatior.'

342 1537 498 1578 LYDIA.
558 1541 566 1554 ‘
586 1542 729 1581 Donec
747 1556 831 1582 non
853 1546 933 1584 alia
953 1548 1086 1598 magis
1413 1561 1436 1601 5

393 1602 542 1642 Arsisti
561 1617 695 1656 neque
716 1612 805 1646 erat
827 1608 961 1658 Lydia
980 1616 1076 1661 post
1097 1612 1264 1659 Chloen,

340 1664 461 1703 Multi
481 1666 615 1716 Lydia
634 1670 814 1709 nominis

394 1728 585 1768 Romana
605 1731 719 1781 vigui
739 1734 886 1772 clarior
907 1735 1011 1774 Ilia.'

339 1804 433 1842 IUV.
495 1805 502 1818 ¹
522 1805 587 1844 Me
607 1820 718 1846 nunc
738 1809 914 1849 Thressa
934 1812 1058 1851 Chloe
1078 1814 1196 1865 regit,

391 1866 542 1906 Dulces
561 1869 687 1908 docta
706 1873 852 1911 modos
873 1878 914 1912 et
935 1875 1119 1915 citharae
1139 1878 1283 1925 sciens,
1386 1892 1434 1920 10

337 1929 416 1967 Pro
437 1943 520 1980 qua
539 1944 623 1969 non
643 1939 831 1973 metuam
851 1938 968 1982 mori,

389 1992 429 2030 Si
451 2000 622 2043 parcent
645 1997 808 2036 animae
828 1999 917 2038 fata
937 2002 1180 2052 superstiti.'

335 2067 445 2107 LYD.
505 2070 513 2082 ‘
533 2070 598 2108 Me
620 2075 749 2112 torret
770 2074 859 2113 face
880 2081 1030 2116 mutua

386 2131 559 2171 Thurini
580 2133 714 2174 Calais
734 2136 842 2176 filius
862 2138 1025 2190 Ornyti,

335 2193 413 2232 Pro
433 2207 517 2245 quo
537 2196 600 2235 bis
620 2199 758 2247 patiar
777 2201 894 2247 mori,
1380 2218 1426 2257 15

387 2257 427 2295 Si
447 2265 619 2308 parcent
639 2274 768 2312 puero
789 2263 878 2302 fata
897 2267 1139 2316 superstiti’
