1710 2604
217 151 290 180 122

785 153 961 183 HORACE

321 251 422 303 Quis
443 252 521 292 scit
543 265 596 292 an
619 253 805 292 adiciant
825 253 1051 294 hodiernae
1073 255 1255 294 crastina
1276 267 1464 294 summae

372 315 579 367 Tempora
599 317 642 356 di
662 317 801 368 superi
818 316 833 355 ?

319 378 480 419 Cuncta
499 392 650 419 manus
669 380 817 419 avidas
837 380 1000 432 fugient
1019 380 1197 428 heredis,
1219 381 1355 420 amico

371 442 488 494 Quae
508 443 671 484 dederis
691 444 846 483 animo.
1481 455 1532 484 20

317 525 422 565 Cum
442 526 568 565 semel
587 526 786 567 occideris
806 531 848 566 et
869 527 921 567 de
941 531 983 566 te
1003 527 1225 579 splendida
1245 527 1381 567 Minos

373 589 535 629 Fecerit
555 589 743 636 arbitria,

317 651 425 698 Non,
447 652 673 705 Torquate,
695 665 837 705 genus,
859 666 945 693 non
965 658 1008 693 te
1028 653 1239 701 facundia,
1261 666 1346 693 non
1367 658 1409 692 te

370 715 585 756 Restituet
605 717 742 769 pietas
765 728 772 756 :

318 798 496 838 Infernis
515 812 650 852 neque
670 799 782 839 enim
803 799 987 839 tenebris
1007 799 1146 839 Diana
1166 800 1366 851 pudicum
1479 808 1528 850 25

370 862 540 902 Liberat
561 863 858 915 Hippolytum,

316 925 403 965 Nec
424 926 609 966 Lethaea
629 927 743 966 valet
763 927 947 966 Theseus
967 926 1217 979 abrumpere
1237 939 1333 966 caro

372 990 547 1030 Vincula
568 990 769 1030 Pirithoo.

810 1118 923 1157 VIII.

711 1194 762 1246 (A
770 1194 949 1246 sclepiad
970 1193 1023 1246 1.)

421 1271 634 1311 Donarem
654 1276 822 1323 pateras
841 1276 1046 1324 grataque
1067 1271 1326 1319 commodus,

421 1335 656 1381 Censorine,
678 1335 781 1374 meis
801 1347 897 1373 aera
917 1334 1144 1381 sodalibus,

420 1399 633 1438 Donarem
653 1398 855 1450 tripodas,
878 1398 1065 1449 praemia
1084 1398 1259 1438 fortium

421 1462 655 1509 Graiorum,
677 1475 813 1515 neque
834 1466 882 1502 tu
902 1462 1083 1514 pessima
1102 1475 1325 1501 munerum

421 1540 577 1586 Ferres‚
600 1539 732 1578 divite
752 1552 818 1578 me
838 1539 996 1578 scilicet
1016 1539 1185 1586 artium,
1501 1550 1524 1591 5

420 1603 535 1655 Quas
555 1607 630 1642 aut
651 1603 897 1642 Parrhasius
917 1603 1095 1654 protulit
1115 1607 1190 1643 aut
1211 1602 1379 1655 Scopas,

421 1667 503 1707 Hic
521 1680 637 1714 saxo,
658 1666 828 1719 liquidis
847 1667 914 1706 ille
935 1667 1143 1707 coloribus

420 1730 570 1770 Sollers
588 1743 701 1769 nunc
719 1729 933 1770 hominem
953 1743 1118 1782 ponere,
1139 1742 1252 1769 nunc
1271 1731 1410 1772 deum.

421 1812 503 1853 Sed
521 1825 605 1852 non
625 1812 729 1852 haec
748 1812 852 1851 mihi
871 1812 948 1859 vis,
969 1825 1046 1852 nec
1066 1812 1145 1852 tibi
1165 1813 1315 1852 talium

421 1876 504 1915 Res
524 1880 587 1915 est
607 1880 683 1915 aut
703 1875 869 1915 animus
889 1875 1132 1915 deliciarum
1152 1888 1288 1927 egens.
1477 1888 1526 1917 10

420 1939 588 1980 Gaudes
607 1939 862 1979 carminibus
881 1951 890 1986 ;
921 1939 1108 1978 carmina
1128 1951 1351 1991 possumus

420 2004 587 2043 Donare
607 2007 649 2042 et
670 2003 853 2055 pretium
873 2003 1009 2043 dicere
1029 2003 1225 2043 muneris.

419 2086 516 2126 Non
535 2086 665 2126 incisa
685 2085 797 2126 notis
817 2098 1027 2125 marmora
1046 2085 1237 2138 publicis,

420 2149 498 2188 Per
518 2162 625 2201 quae
645 2149 817 2201 spiritus
837 2154 879 2188 et
900 2149 991 2188 vita
1010 2149 1118 2189 redit
1140 2149 1260 2188 bonis

420 2213 521 2252 Post
541 2217 720 2252 mortem
741 2213 930 2259 ducibus,
953 2226 1037 2252 non
1058 2213 1208 2252 celeres
1228 2213 1351 2264 fugae
1476 2223 1522 2263 15

421 2277 701 2329 Reiectaeque
721 2281 950 2316 retrorsum
971 2276 1224 2316 Hannibalis
1244 2276 1395 2323 minae,
