1679 2583
645 174 757 206 ODES
787 176 849 209 ΙΙΙ.
885 179 945 211 11.

756 277 827 318 XI.

679 352 903 407 (Sapphic)

402 433 589 483 Mercuri,
612 451 710 478 narn
732 446 772 480 te
793 443 937 484 docilis
956 448 1157 498 magistro

400 496 533 538 Movit
554 501 765 552 Amphion
784 506 944 556 lapides
964 512 1163 558 canendo,

399 559 544 611 Tuque
565 566 746 613 testudo,
769 581 961 610 resonare
981 579 1141 623 septem

451 623 609 665 Callida
629 631 778 676 nervis,

395 709 433 747 N
437 723 482 749 ec
501 712 657 764 loquax
678 717 776 756 olim
797 731 931 771 neque
950 729 1083 772 grata,
1106 738 1217 764 nunc
1237 732 1278 766 et

395 771 588 814 Divitum
608 780 761 819 mensis
781 786 822 820 et
843 784 978 823 amica
999 788 1177 837 templis,

394 834 471 874 Dic
490 839 649 886 modos,
672 841 788 892 Lyde
809 845 961 895 quibus
981 847 1217 890 obstinatas

445 899 637 951 Adplicet
659 916 778 945 aures
797 919 806 952 3

390 981 505 1032 Quae
526 986 642 1026 velut
662 989 758 1028 latis
778 1003 887 1042 equa
907 994 1033 1033 trima
1053 999 1210 1048 campis

389 1044 516 1086 Ludit
537 1051 733 1090 exsultim
753 1056 989 1107 metuitque
1010 1060 1138 1110 tangi,

387 1107 643 1159 Nuptiarum
663 1127 810 1165 expers
830 1123 872 1156 et
892 1119 1030 1159 adhuc
1049 1128 1247 1172 protervo

440 1171 577 1212 Cruda
597 1177 761 1216 marito.

384 1254 447 1293 Tu
467 1262 587 1306 potes
608 1260 733 1311 tigres
754 1265 1010 1317 comitesque
1030 1269 1156 1309 silvas

383 1317 544 1359 Ducere
564 1327 605 1360 et
626 1324 738 1363 rivos
759 1327 908 1367 celeres
928 1332 1081 1371 morari
1100 1345 1108 1378 ;

381 1379 512 1421 Cessit
532 1383 712 1425 inmanis
733 1388 810 1427 tibi
830 1389 1063 1432 blandienti

434 1444 595 1485 Ianitor
614 1450 734 1489 aulae

378 1532 589 1582 Cerberus,
613 1541 807 1589 quamvis
828 1542 975 1583 furiale
995 1552 1164 1587 centurn

377 1594 569 1637 Muniant
591 1612 746 1652 angues
767 1610 907 1655 caput,
930 1607 1018 1647 eius
1039 1614 1167 1661 atque

376 1657 554 1708 Spiritus
576 1666 710 1702 taeter
729 1668 947 1719 saniesque
968 1679 1111 1712 manet

428 1721 508 1762 Ore
529 1725 726 1778 trilingui.

373 1805 483 1856 Quin
504 1812 545 1847 et
567 1809 689 1849 Ixion
709 1812 938 1866 Tityosque
959 1819 1079 1858 voltu

372 1868 481 1908 Risit
501 1870 648 1919 invito,
671 1876 790 1915 stetit
811 1890 916 1917 urna
935 1882 1125 1931 paullum

372 1931 499 1979 Sicca,
523 1935 624 1974 dum
643 1943 764 1987 grato
785 1939 921 1981 Danai
941 1945 1100 1993 puellas

424 1994 615 2036 Carmine
635 2000 802 2040 mulces.

368 2078 526 2119 Audiat
548 2081 663 2131 Lyde
683 2086 814 2124 scelus
834 2092 963 2139 atque
982 2097 1105 2130 notas

365 2141 584 2192 Virginum
604 2158 760 2195 poenas
780 2154 821 2187 et
841 2150 964 2190 inane
984 2153 1182 2205 lymphae

364 2203 534 2244 Dolium
555 2207 686 2247 fundo
706 2213 919 2260 pereuntis
938 2214 1022 2253 imo

420 2267 602 2320 Seraque
623 2271 724 2319 fata,

1389 1077 1435 1104 10

1382 1411 1426 1449 15

1370 1754 1421 1782 20

1363 2109 1411 2147 25
