1710 2604
233 163 309 202 106

804 176 980 204 HORACE

445 275 541 314 Sive
562 279 603 314 te
623 288 746 326 rupes
766 280 808 314 et
830 280 957 315 acuta
974 276 1060 315 leto

445 338 556 377 Saxa
575 339 800 384 delectant,
823 352 899 390 age
919 343 961 378 te
981 340 1186 391 procellae

444 401 572 441 Crede
592 401 736 448 veloci,
759 402 838 441 nisi
858 403 954 441 erile
974 403 1110 442 mavis

496 464 673 516 Carpere
692 478 870 516 pensum

443 536 598 588 Regius
617 537 786 588 sanguis
806 537 1085 589 dominaeque
1106 538 1217 576 tradi

442 599 654 639 Barbarae
674 599 864 651 paelex.''
923 600 1081 640 Aderat
1102 601 1295 652 querenti

442 663 653 702 Perfidum
673 663 813 703 ridens
832 663 974 703 Venus
994 668 1036 702 et
1056 664 1228 703 remisso

495 726 624 765 Filius
644 739 755 765 arcu,

440 803 539 842 Mox
558 803 630 842 ubi
651 803 750 843 lusit
771 803 886 850 satis,
910 803 918 816 ‘
938 803 1150 843 abstineto
1171 802 1179 816 ’

440 866 560 906 Dixit
581 866 589 880 ‘
609 867 765 905 irarum
786 866 1028 918 calidaeque
1048 867 1176 912 rixae,

440 929 544 968 Cum
566 929 643 968 tibi
662 929 823 969 invisus
842 930 1065 969 laceranda
1084 930 1231 970 reddet

493 993 659 1032 Cornua
679 997 837 1032 taurus.

439 1071 557 1110 Uxor
576 1070 723 1110 invicti
746 1070 858 1110 Iovis
878 1083 965 1110 esse
985 1071 1130 1116 nescis,

439 1133 562 1173 Mitte
581 1134 801 1185 singultus,
825 1134 929 1172 bene
950 1134 1055 1172 ferre
1075 1146 1272 1185 magnam

439 1197 562 1236 Disce
582 1197 797 1236 fortunam
817 1209 825 1243 ;
858 1202 933 1236 tua
952 1201 1090 1237 sectus
1110 1197 1222 1237 orbis

491 1260 676 1299 Nomina
695 1260 850 1300 ducet.'

788 1408 977 1448 XXVIII.

727 1488 965 1540 (Asclepiad
984 1489 1038 1539 3.)

437 1575 562 1615 Festo
583 1575 685 1626 quid
705 1575 847 1626 potius
867 1574 935 1613 die

489 1638 679 1690 Neptuni
699 1637 852 1677 faciam
870 1637 884 1676 ?
946 1637 1094 1676 Prome
1114 1637 1392 1683 reconditum,

436 1702 565 1753 Lyde,
588 1706 760 1740 strenua
781 1700 1021 1740 Caecubum

489 1765 762 1815 Munitaeque
783 1763 936 1804 adhibe
956 1764 1042 1802 vim
1063 1763 1308 1815 sapientiae.

437 1839 643 1878 Inclinare
664 1838 881 1878 meridiem

489 1902 627 1941 Sentis
647 1914 708 1947 ac,
731 1901 864 1939 veluti
883 1905 967 1940 stet
988 1900 1168 1939 volucris
1189 1900 1289 1946 dies,

435 1966 576 2004 Parcis
595 1965 783 2016 deripere
803 1964 951 2003 horreo

488 2029 731 2068 Cessantem
752 2027 892 2066 Bibuli
913 2027 1094 2066 consulis
1115 2026 1375 2078 amphoram.

434 2104 522 2142 Nos
541 2103 809 2142 cantabimus
829 2102 1009 2141 invicem

487 2167 736 2218 Neptunum
757 2171 799 2205 et
819 2166 973 2205 virides
994 2165 1221 2204 Nereidum
1242 2177 1383 2203 comas
1402 2175 1410 2210 ;

433 2229 496 2268 Tu
518 2242 647 2268 curva
667 2229 823 2268 recines
844 2230 935 2280 lyra

489 2293 697 2332 Latonam
717 2297 758 2332 et
780 2292 921 2331 celeris
941 2292 1101 2343 spicula
1122 2291 1329 2342 Cynthiae
1350 2302 1360 2330 :

1493 877 1544 918 70

1492 1206 1542 1248 75

1492 2174 1541 2202 10
