1679 2583
641 163 754 193 ODES
784 166 846 195 111.
878 168 940 196 22.

351 256 408 296 Te
428 258 550 298 Liber
569 265 623 307 et,
645 263 679 301 si
698 264 809 304 laeta
829 266 974 314 aderit,
998 269 1137 309 Venus

350 319 584 374 Segnesque
602 326 761 366 nodum
781 330 938 369 solvere
959 331 1128 372 Gratiae

402 383 615 437 Vivaeque
634 390 866 439 producent
886 394 1088 441 lucernae,

453 447 566 487 Dum
586 451 747 492 rediens
768 454 886 506 fugat
906 461 1019 497 astra
1040 458 1245 500 Phoebus.

719 612 850 653 xxn.

671 688 896 742 (Sapphic.)

341 761 548 805 Montium
569 773 708 808 custos
727 783 1039 825 nemorumque,
1063 776 1200 829 Virgo,

340 825 455 876 Quae
474 829 713 872 laborantes
733 839 851 874 utero
870 839 1029 887 puellas

338 888 417 928 Ter
435 898 587 932 vocata
607 896 727 935 audis
747 898 978 951 adimisque
997 903 1094 949 leto,

390 953 500 994 Diva
521 957 731 1005 triformis,

337 1028 549 1071 Inminens
569 1034 692 1074 villae
713 1040 786 1076 tua
806 1039 929 1089 pinus
949 1046 1051 1087 esto,

334 1091 470 1142 Quam
490 1108 564 1146 per
583 1104 752 1139 exactos
772 1113 847 1152 ego
866 1103 1001 1143 laetus
1021 1118 1152 1145 annos

333 1154 469 1196 Verris
489 1159 706 1211 obliquum
726 1165 971 1206 meditantis
990 1168 1121 1207 ictum

385 1219 593 1272 Sanguine
613 1224 777 1265 donem.

694 1385 846 1426 XXIII.
994 1392 1033 1427 vs

674 1461 686 1511 (
691 1461 725 1499 A
733 1462 861 1514 lcaic.)

324 1535 446 1576 Caelo
465 1540 636 1590 supinas
655 1544 689 1582 si
711 1546 852 1585 tuleris
872 1560 1021 1588 manus

322 1599 530 1641 Nascente
550 1604 661 1651 luna,
683 1608 839 1648 rustica
860 1610 1047 1662 Phidyle,

373 1662 416 1701 Si
437 1668 528 1703 ture
547 1667 724 1717 placaris
744 1675 786 1709 et
806 1671 939 1712 horna

426 1726 559 1778 Fruge
579 1729 705 1770 Lares
725 1734 933 1786 avidaque
953 1750 1079 1788 porca
1095 1750 1104 1785 ς

317 1801 403 1841 Nec
423 1805 689 1854 pestilentem
708 1811 861 1850 sentiet
881 1813 1069 1854 Africum

317 1863 513 1906 Fecunda
532 1868 631 1908 vitis
651 1883 727 1910 nec
746 1874 928 1914 sterilem
948 1889 1062 1927 seges

369 1928 617 1981 Robiginem
638 1939 712 1973 aut
733 1936 873 1977 dulces
893 1940 1051 1979 alumni

420 1992 627 2034 Pomifero
646 2010 773 2047 grave
794 2003 960 2052 tempus
980 2016 1103 2044 anno.

310 2067 420 2107 Nam
441 2082 549 2120 quae
568 2073 697 2112 nivali
716 2076 903 2126 pascitur
922 2079 1072 2130 Algido

309 2130 475 2171 Devota
495 2147 671 2184 quercus
691 2138 800 2177 inter
819 2145 861 2180 et
881 2142 994 2182 ilices

362 2195 448 2234 Aut
468 2199 614 2237 crescit
634 2200 807 2242 Albanis
826 2204 869 2243 in
889 2205 1027 2245 herbis

414 2258 607 2307 Victima,
630 2265 877 2313 pontificum
897 2281 1057 2309 secures

1396 176 1447 216 99

1359 2161 1406 2188 10
