1710 2604
281 192 330 235 92

853 192 1030 224 HORACE

888 295 997 334 xw.

828 371 1055 423 (Sapplzic.)

497 457 688 496 Herculis
707 457 792 496 ritu
812 457 939 496 modo
960 457 1111 503 dictus,
1133 469 1158 495 o
1178 456 1311 508 plebs,

497 520 631 559 Morte
651 521 843 559 venalem
863 520 1032 571 petiisse
1052 521 1231 565 laurum,

497 583 647 622 Caesar
668 584 859 634 Hispana
879 584 1033 635 repetit
1054 588 1229 634 penates

552 647 698 686 Victor
718 647 772 685 ab
792 660 877 686 ora.

500 734 634 773 Unico
655 735 844 785 gaudens
864 735 1013 774 mulier
1032 735 1186 774 marito

501 797 682 837 Prodeat
702 798 825 838 iustis
845 804 1020 850 operata
1040 799 1162 844 divis,

499 861 556 901 Et
577 874 692 901 soror
712 862 811 901 clari
831 862 949 901 ducis
969 867 1011 901 et
1033 862 1209 901 decorae

554 925 750 976 Supplice
770 925 882 964 vitta

501 1010 720 1061 virginum
740 1015 897 1050 matres
917 1011 1203 1062 iuvenumque
1222 1023 1358 1061 nuper

501 1073 729 1125 Sospitum.
789 1074 885 1120 Vos,
908 1087 932 1113 o
953 1074 1070 1125 pueri
1090 1079 1132 1113 et
1152 1074 1314 1125 puellae

502 1138 594 1176 Iam
615 1138 752 1176 virum
773 1142 984 1188 expertae,
1006 1137 1115 1176 male
1136 1137 1380 1176 inominatis

559 1200 722 1240 Parcite
744 1201 896 1240 verbis.

504 1286 584 1324 Hic
605 1286 693 1325 dies
713 1299 810 1325 vere
830 1286 933 1325 mihi
953 1286 1086 1325 festus
1106 1291 1220 1325 atras

502 1350 674 1388 Eximet
695 1362 816 1389 curas
835 1362 843 1396 ;
875 1363 950 1401 ego
970 1362 1046 1389 nec
1067 1350 1300 1389 tumultum

502 1413 590 1451 Nec
611 1413 717 1451 mori
737 1426 811 1464 per
830 1413 918 1451 vim
938 1418 1126 1452 metuam
1149 1418 1319 1452 tenente

556 1476 731 1516 Caesare
753 1482 897 1516 terras.

504 1565 537 1611 Ι,
560 1570 658 1616 pete
679 1570 957 1615 unguentum,
979 1578 1095 1616 puer,
1119 1570 1161 1604 et
1182 1577 1357 1604 coronas

502 1627 559 1667 Et
581 1628 734 1668 cadum
756 1627 882 1667 Marsi
903 1641 1131 1667 memorem
1152 1628 1291 1674 duelli,

505 1691 757 1743 Spartacum
778 1692 812 1730 si
832 1704 916 1742 qua
937 1692 1078 1743 potuit
1099 1696 1326 1743 vagantem

558 1755 717 1794 Fallere
739 1759 864 1794 testa.

503 1841 583 1880 Dic
602 1846 645 1880 et
666 1846 840 1892 argutae
860 1846 1056 1892 properet
1077 1841 1265 1880 Neaerae

504 1904 719 1943 Murreum
739 1904 851 1943 nodo
872 1904 1095 1943 cohibente
1115 1905 1272 1943 crinem
1291 1916 1301 1951 ;

504 1968 546 2006 Si
567 1980 640 2018 per
659 1967 843 2006 invisum
865 1980 983 2006 mora
1003 1967 1226 2006 ianitorem

558 2031 663 2077 Fiet,
686 2030 819 2070 abito.

505 2119 626 2158 Lenit
648 2119 861 2158 albescens
882 2119 1044 2158 animos
1065 2119 1240 2170 capillus

505 2183 663 2222 Litium
684 2188 725 2222 et
746 2183 861 2222 rixae
882 2183 1058 2234 cupidos
1077 2187 1300 2234 protervae
1319 2195 1329 2229 ;

504 2245 599 2284 Non
619 2259 695 2297 ego
715 2246 794 2284 hoc
814 2246 963 2284 ferrem
985 2246 1144 2285 calidus
1165 2246 1339 2285 iuventa

557 2309 735 2349 Consule
758 2310 925 2349 Planco.

1562 1084 1610 1112 10

1564 1422 1610 1461 15

1564 1764 1615 1793 20

1562 2127 1611 2167 25
