1710 2604
807 173 980 202 HORACE

452 284 688 336 Utrumque
708 297 824 324 sacro
844 284 969 336 digna
988 284 1150 323 silentio

451 347 656 387 Mirantur
676 348 848 386 umbrae
868 348 1001 386 dicere
1020 359 1028 394 ;
1060 348 1131 387 sed
1152 347 1283 398 magis

506 410 671 462 Pugnas
690 416 733 450 et
754 416 922 450 exactos
944 416 1144 462 tyrannos

558 475 744 514 Densum
764 475 916 514 umeris
936 475 1043 514 bibit
1063 488 1161 514 aure
1182 475 1339 527 volgus.

450 551 560 602 Quid
579 552 743 598 mirum,
765 552 838 591 ubi
858 553 935 592 illis
955 552 1207 592 carminibus
1227 557 1402 603 stupens

451 615 648 655 Demittit
669 620 782 655 atras
802 616 924 655 belua
944 616 1156 667 centiceps

503 679 646 726 Aures,
668 684 709 719 et
730 680 875 719 intorti
895 680 1053 731 capillis

556 743 835 783 Eumenidum
858 748 1095 783 recreantur
1114 756 1269 794 angues
1285 742 1300 782 ?

449 820 558 871 Quin
578 826 620 860 et
641 821 913 861 Prometheus
933 826 973 860 et
996 821 1158 872 Pelopis
1178 832 1327 871 parens

449 885 570 923 Dulci
590 885 774 924 laborem
793 885 998 937 decipitur
1017 898 1131 931 sono,

501 948 539 987 N
543 961 588 987 ec
608 953 725 988 curat
745 949 873 989 Orion
893 949 1029 988 leones

554 1012 640 1051 Aut
661 1012 829 1052 timidos
849 1013 1006 1064 agitare
1026 1012 1180 1063 lyncas.

835 1140 942 1179 XIV.

797 1215 980 1266 (Alcaic.)

447 1301 565 1341 Eheu
586 1301 764 1353 fugaces,
787 1301 997 1347 Postume,
1022 1301 1232 1346 Postume,

447 1365 666 1404 Labuntur
685 1365 796 1411 anni,
818 1377 894 1404 nec
914 1364 1048 1416 pietas
1068 1377 1229 1403 moram

501 1429 631 1480 Rugis
651 1433 692 1468 et
712 1428 888 1468 instanti
907 1432 1099 1467 senectae

553 1492 725 1532 Adferet
744 1492 1056 1543 indomitaeque
1077 1490 1202 1530 morti
1225 1503 1233 1536 ;

446 1570 554 1617 Non,
576 1571 609 1610 si
632 1570 819 1616 trecenis,
841 1574 1051 1621 quotquot
1073 1573 1173 1608 eunt
1194 1567 1295 1614 dies,

447 1634 601 1680 Amice,
625 1634 762 1685 places
782 1632 1123 1672 inlacrimabilem

505 1698 685 1737 Plutona
705 1697 848 1744 tauris,
870 1697 941 1748 qui
963 1701 1025 1736 ter
1045 1696 1233 1748 amplum

552 1761 771 1812 Geryonen
792 1760 1032 1811 Tityonque
1053 1759 1161 1799 tristi

448 1838 667 1890 Conpescit
688 1839 814 1884 unda,
836 1838 991 1877 scilicet
1011 1836 1218 1883 omnibus,

448 1902 710 1954 Quicumque
732 1906 864 1941 terrae
885 1914 1054 1940 munere
1074 1900 1292 1945 vescimur,

500 1966 786 2017 Enaviganda,
809 1965 896 2004 sive
916 1977 1030 2016 reges

554 2029 649 2068 Sive
670 2029 813 2080 inopes
833 2029 986 2067 erimus
1005 2027 1151 2067 coloni.

447 2107 619 2146 Frustra
639 2111 810 2146 cruento
831 2107 965 2145 Marte
985 2105 1218 2144 carebimus

449 2170 692 2222 Fractisque
713 2170 826 2209 rauci
847 2169 1042 2208 fluctibus
1063 2167 1260 2214 Hadriae,

505 2234 676 2273 Frustra
696 2247 769 2285 per
788 2238 1014 2273 autumnos
1034 2236 1251 2271 nocentem

557 2297 806 2354 Corporibus
826 2302 1061 2338 metuemus
1081 2300 1271 2338 austrum
1293 2306 1302 2336 :

1494 687 1544 728 35

1492 1021 1546 1060 40

1502 1910 1549 1938 10
