1710 2604
241 182 315 222 116

808 187 985 218 HORACE

450 291 576 331 Venti
596 294 837 343 paventem,
859 301 960 328 mox
978 288 1022 327 in
1041 287 1170 327 ovilia

449 354 629 395 Demisit
649 354 815 393 hostem
835 352 1005 392 vividus
1024 351 1221 404 impetus,

503 419 626 457 Nunc
646 417 689 456 in
708 417 965 456 reluctantes
984 416 1187 455 dracones

556 481 656 532 Egit
676 492 794 520 amor
813 479 935 531 dapis
955 483 1085 531 atque
1104 490 1270 531 pugnae
1290 488 1299 523 ;

450 591 680 643 Qualemve
700 590 822 630 laetis
841 602 993 642 caprea
1012 589 1179 641 pascuis

451 656 625 695 Intenta
645 654 786 693 fulvae
806 653 954 693 matris
974 653 1029 693 ab
1048 652 1176 692 ubere

505 719 597 759 Iam
617 719 725 758 lacte
746 718 969 770 depulsum
988 717 1151 757 leonem

557 782 696 821 Dente
715 794 828 821 novo
847 780 1036 833 peritura
1054 779 1164 820 vidit
1187 791 1195 819 :

450 897 601 939 Videre
623 897 769 937 Raetis
789 896 898 936 bella
917 896 997 936 sub
1016 895 1195 948 Alpibus

450 961 637 1001 Drusum
656 964 872 1013 gerentem
890 959 1097 999 Vindelici
1115 971 1124 1006 ;
1155 958 1310 1012 quibus

504 1025 596 1065 Mos
615 1025 728 1066 unde
748 1025 957 1066 deductus
977 1037 1050 1076 per
1069 1037 1193 1063 omne
1297 1012 1301 1017 ⁴

557 1088 743 1140 Tempus
764 1087 996 1127 Amazonia
1015 1087 1150 1127 securi

451 1204 635 1245 Dextras
655 1204 860 1251 obarmet,
883 1216 1082 1256 quaerere
1102 1203 1261 1250 distuli,

451 1269 540 1308 Nec
559 1268 663 1308 scire
683 1268 747 1308 fas
767 1272 831 1308 est
851 1267 994 1307 omnia
1013 1279 1021 1313 ;
1052 1267 1126 1307 sed
1145 1267 1218 1306 diu

506 1332 696 1385 Lateque
716 1331 910 1371 victrices
929 1335 1126 1371 catervae

560 1395 751 1436 Consiliis
770 1395 934 1435 iuvenis
954 1394 1138 1434 revictae

454 1512 638 1559 Sensere,
660 1512 763 1565 quid
784 1524 902 1552 mens
921 1511 1013 1558 rite,
1035 1510 1139 1564 quid
1157 1510 1318 1551 indoles

453 1576 628 1616 Nutrita
647 1576 799 1616 faustis
818 1575 898 1616 sub
918 1573 1206 1627 penetralibus

507 1640 666 1687 Posset,
689 1639 792 1692 quid
811 1638 993 1691 Augusti
1012 1642 1214 1690 paternus

562 1704 611 1742 In
633 1716 784 1755 pueros
804 1702 971 1742 animus
990 1701 1191 1742 Nerones.

453 1819 601 1859 Fortes
621 1824 817 1859 creantur
837 1818 1018 1858 fortibus
1039 1822 1082 1857 et
1102 1817 1223 1857 bonis
1242 1829 1250 1864 ;

453 1883 531 1923 Est
551 1883 594 1922 in
614 1882 814 1929 iuvencis,
837 1886 900 1922 est
921 1881 963 1920 in
984 1880 1102 1933 equis
1122 1885 1294 1932 patrum

505 1946 663 1992 Virtus,
685 1958 821 1998 neque
842 1944 1039 1984 inbellem
1059 1944 1217 1984 feroces

560 2009 845 2061 Progenerant
866 2008 1032 2060 aquilae
1052 2007 1293 2047 columbam
1313 2019 1321 2054 ;

453 2125 658 2165 Doctrina
676 2125 750 2164 sed
770 2124 857 2163 vim
878 2127 1100 2176 promovet
1120 2123 1306 2169 insitam,

454 2189 660 2241 Rectique
680 2189 819 2228 cultus
838 2192 1011 2240 pectora
1030 2187 1232 2227 roborant
1251 2199 1260 2234 ;

506 2253 748 2305 Utcumque
768 2252 955 2293 defecere
976 2264 1123 2298 mores,

562 2316 827 2356 Dedecorant
849 2316 954 2356 bene
973 2320 1077 2354 nata
1096 2315 1256 2366 culpae.

1505 361 1554 389 10

1505 1097 1556 1125 20

1508 1891 1560 1929 30

1443 2257 1556 2298 ·35
