1700 2573
652 161 763 190 oDEs
793 162 818 189 1.
850 160 912 200 35.

701 272 863 311 XXXV.

691 371 874 422 (Alcaic.)

291 481 326 521 O
347 481 456 526 diva,
478 486 643 532 gratum
663 493 769 531 quae
789 480 893 531 regis
913 481 1098 525 Antium,

293 544 488 582 Praesens
507 543 574 582 vel
592 543 675 582 imo
696 543 836 582 tollere
856 543 907 582 de
926 544 1058 594 gradu

346 607 518 645 Mortale
538 619 685 657 corpus
704 606 771 645 vel
789 606 987 657 superbos

397 669 565 708 Vertere
585 669 798 708 funeribus
818 669 1063 720 triumphos,

291 743 349 782 Te
368 756 525 794 pauper
544 743 676 782 ambit
697 743 871 782 sollicita
891 756 1009 794 prece

294 807 417 845 Ruris
436 806 681 853 colonus,te
701 806 913 845 dominam
933 807 1121 858 aequoris

346 869 604 920 Quicumque
624 869 812 919 Bithyna
832 869 994 908 lacessit

400 931 671 983 Carpathium
691 933 860 983 pelagus
880 933 1030 971 carina.

293 1009 351 1047 Te
371 1010 509 1048 Dacus
529 1021 659 1060 asper,
681 1013 723 1047 te
743 1009 905 1060 profugi
926 1009 1118 1060 Scythae,

296 1072 511 1123 Urbesque
530 1077 755 1123 gentesque
775 1077 816 1111 et
837 1073 1004 1111 Latium
1025 1074 1139 1112 ferox

350 1136 593 1187 Regumque
613 1140 767 1174 matres
786 1135 1058 1174 barbarorum
1077 1142 1119 1175 et

403 1198 603 1249 Purpurei
622 1203 817 1237 metuunt
837 1199 1017 1249 tyranni,

298 1275 500 1315 Iniurioso
519 1288 570 1313 ne
590 1276 693 1326 pede
713 1288 884 1326 proruas

298 1339 488 1378 Stantem
509 1339 756 1385 columnam,
779 1352 859 1377 neu
879 1340 1057 1390 populus
1078 1340 1269 1390 frequens

350 1402 417 1441 Ad
436 1415 552 1441 arma
570 1406 788 1447 cessantes,
811 1403 864 1441 ad
884 1416 999 1441 arma

404 1465 592 1504 Concitet
612 1465 913 1517 imperiumque
933 1466 1110 1517 frangat.

298 1543 356 1581 Te
375 1555 535 1594 semper
554 1542 686 1581 anteit
706 1555 830 1581 saeva
850 1543 1096 1588 Necessitas,

299 1606 447 1645 Clavos
467 1606 645 1645 trabales
665 1610 707 1645 et
727 1618 878 1645 cuneos
897 1619 1025 1644 manu

352 1671 529 1710 Gestans
549 1685 665 1718 aena,
686 1684 761 1711 nec
781 1685 946 1711 severus

405 1735 547 1774 Uncus
566 1735 683 1774 abest
703 1735 989 1786 liquidumque
1010 1735 1240 1786 plumbum.

298 1811 356 1850 Te
377 1811 478 1862 Spes
497 1816 538 1850 et
558 1811 652 1850 albo
672 1824 764 1850 rara
784 1811 905 1850 Fides
925 1812 1022 1850 colit

299 1874 447 1913 Velata
466 1887 617 1925 panno,
638 1887 713 1913 nec
733 1874 927 1913 comitem
948 1874 1140 1925 abnegat,

354 1938 591 1988 Utcumque
610 1942 776 1976 mutata
795 1942 988 1988 potentes

406 2001 530 2039 Veste
550 2001 694 2039 domos
714 2000 880 2039 inimica
899 2000 1064 2052 linquis.

300 2077 358 2116 At
376 2077 522 2128 volgus
541 2077 715 2116 infidum
735 2082 776 2117 et
796 2078 991 2116 meretrix
1010 2083 1119 2116 retro

303 2140 471 2179 Periura
490 2140 612 2186 cedit,
634 2140 859 2191 diffugiunt
879 2141 993 2179 cadis

355 2202 459 2242 Cum
479 2202 591 2241 faece
611 2203 774 2242 siccatis
793 2202 928 2249 amici,

410 2269 530 2307 Ferre
550 2269 692 2320 iugum
711 2269 866 2322 pariter
884 2269 1027 2308 dolosi.

1383 162 1432 201 47

1392 1086 1441 1113 10

1394 1414 1440 1452 15

1395 1747 1446 1775 20

1393 2088 1443 2127 25
