1679 2583
657 174 770 202 ODEs
799 175 856 203 1v.
888 176 925 214 4.

349 272 460 323 Quid
479 272 643 319 debeas,
666 286 691 312 o
712 274 860 320 Roma,
883 273 1132 320 Neronibus,

347 335 483 375 Testis
503 336 741 376 Metaurum
760 337 916 377 flumen
935 342 977 376 et
998 336 1241 378 Hasdrubal

400 398 603 438 Devictus
621 403 664 439 et
684 400 854 451 pulcher
873 399 1030 451 fugatis

455 462 529 501 Ille
548 462 636 502 dies
655 462 777 502 Latio
798 463 992 509 tenebris,

346 575 427 627 Qui
446 577 604 628 primus
624 578 735 617 alma
753 578 845 617 risit
865 579 1031 624 adorea,

346 639 472 679 Dirus
490 653 563 691 per
582 640 705 680 urbes
724 641 824 680 Afer
843 645 891 679 ut
915 641 1046 680 Italas

400 703 483 742 Ceu
502 703 673 742 flamma
692 717 765 755 per
785 704 931 743 taedas
951 704 1018 743 vel
1037 704 1176 743 Eurus

452 766 530 806 Per
549 766 707 807 Siculas
727 767 936 819 equitavit
956 767 1103 807 undas.

349 881 449 921 Post
467 881 548 921 hoc
566 882 758 922 secundis
777 895 909 934 usque
928 882 1141 922 laboribus

346 945 538 984 Romana
557 945 689 996 pubes
709 945 853 991 crevit,
875 949 918 984 et
938 945 1053 996 inpio

398 1008 577 1048 Vastata
598 1009 831 1048 Poenorum
851 1009 1042 1048 tumultu

452 1071 569 1110 Fana
588 1071 687 1111 deos
705 1071 889 1111 habuere
908 1076 1057 1116 rectos,

346 1186 549 1238 Dixitque
569 1186 741 1225 tandem
761 1186 944 1238 perfidus
964 1186 1180 1225 Hannibal
1201 1198 1208 1225 2

349 1249 358 1263 ‘
377 1249 497 1288 Cervi
515 1249 710 1301 luporum
730 1249 885 1300 praeda
904 1249 1132 1300 rapacium,

399 1312 617 1352 Sectamur
635 1312 758 1358 ultro,
781 1325 886 1364 quos
906 1312 1070 1363 opimus

453 1375 610 1415 Fallere
630 1379 672 1414 et
692 1375 912 1426 effugerest
932 1375 1183 1426 triumphus.

348 1489 470 1537 Gens,
492 1503 600 1542 quae
619 1494 804 1529 cremato
823 1489 944 1529 fortis
964 1489 1018 1528 ab
1040 1489 1117 1528 Ilio

348 1553 514 1592 lactata
532 1552 676 1592 Tuscis
696 1552 947 1604 aequoribus
965 1565 1084 1591 sacra

400 1616 617 1667 Natosque
636 1620 907 1667 maturosque
926 1620 1067 1667 patres

455 1679 631 1718 Pertulit
651 1678 857 1718 Ausonias
877 1679 932 1717 ad
950 1678 1086 1725 urbes,

347 1793 472 1833 Duris
491 1798 540 1832 ut
559 1793 641 1832 ilex
660 1798 783 1832 tonsa
802 1792 1055 1844 bipennibus

346 1857 499 1908 Nigrae
518 1856 644 1895 feraci
663 1855 821 1895 frondis
840 1856 884 1895 in
903 1855 1066 1906 Algido,

402 1920 479 1959 Per
498 1920 666 1966 damna,
687 1932 760 1971 per
779 1919 938 1965 caedes,
961 1919 1015 1958 ab
1034 1919 1126 1970 ipso

454 1983 583 2022 Ducit
602 1995 701 2034 opes
721 1982 992 2033 animumque
1011 1982 1132 2021 ferro.

348 2092 444 2131 Non
463 2092 599 2143 hydra
618 2095 732 2131 secto
752 2104 922 2143 corpore
942 2091 1098 2130 firmior

348 2155 469 2195 Vinci
488 2156 700 2195 dolentem
720 2155 851 2194 crevit
871 2154 913 2193 in
934 2155 1170 2201 Herculem,

402 2219 690 2258 Monstrumve
710 2218 938 2257 submisere
958 2217 1099 2257 Colchi

456 2281 591 2321 Maius
610 2273 891 2320 Echioniaeve
910 2280 1090 2320 Thebae.

1372 176 1445 214 117

1393 474 1445 512 40

1392 891 1443 932 45

1393 1258 1444 1298 50

1390 1622 1439 1663 55

1392 1980 1444 2020 60
