1679 2583
650 179 762 208 opas
793 181 855 208 111.
887 170 922 208 6.

347 278 495 317 Fertur
514 279 690 330 pudicae
711 280 895 330 coniugis
915 281 1103 318 osculum

348 341 586 392 Parvosque
606 347 729 381 natos
748 347 797 380 ut
818 343 966 393 capitis
986 343 1121 381 minor

399 404 464 442 Ab
484 417 526 443 se
546 405 771 443 removisse
792 410 833 443 et
854 406 1015 443 virilem

451 467 611 506 Torvus
631 467 748 505 humi
769 468 954 518 posuisse
974 469 1151 514 voltum,

345 543 487 582 Donec
507 543 698 583 labantes
720 545 889 582 consilio
909 549 1050 595 patres

346 606 378 644 F
381 606 549 645 irmaret
571 611 717 645 auctor
736 620 969 658 numquam
990 597 1091 646 alias
1112 607 1226 652 dato,

399 669 596 720 Interque
618 674 850 708 maerentes
871 670 1026 708 amicos

450 733 649 783 Egregius
670 740 911 784 properaret
932 734 1061 772 exsul.

343 809 474 859 Atqui
494 809 652 848 sciebat
673 822 781 860 quae
801 809 880 848 sibi
900 809 1103 848 barbarus

343 871 492 910 Tortor
512 877 678 922 pararet
699 884 706 917 ;
738 885 822 910 non
843 872 964 910 aliter
985 877 1126 910 tamen

397 934 586 973 Dimovit
607 935 825 974 obstantes
845 935 1103 986 propinquos

450 998 506 1036 Et
526 999 730 1048 populum
749 998 909 1038 reditus
930 1003 1178 1043 morantem,

344 1073 480 1123 Quam
499 1074 533 1112 si
554 1075 753 1113 clientum
773 1075 897 1125 longa
917 1075 1085 1125 negotia

345 1137 586 1175 Diiudicata
606 1137 678 1175 lite
698 1138 961 1188 relinqueret,

395 1199 586 1238 Tendens
606 1200 866 1238 Venafranos
887 1200 929 1238 in
950 1213 1070 1251 agros

449 1263 535 1301 Aut
556 1263 935 1302 Lacedaemonium
955 1263 1197 1302 Tarentum.

750 1405 820 1444 VI.

691 1478 878 1529 (Alcaic.)

343 1564 505 1602 Delicta
525 1564 731 1603 maiorum
752 1564 970 1603 inmeritus
990 1565 1090 1610 lues

343 1628 544 1672 Romane,
567 1627 699 1665 donec
720 1627 878 1677 templa
897 1627 1086 1666 refeceris

394 1689 612 1740 Aedesque
633 1690 821 1728 labentes
842 1690 1015 1729 deorum
1035 1694 1078 1728 et

449 1751 588 1790 Foeda
608 1752 724 1803 nigro
744 1752 966 1791 simulacra
986 1753 1115 1790 sumo.

342 1828 416 1867 Dis
437 1832 478 1867 te
498 1828 700 1866 minorem
720 1828 835 1879 quod
854 1828 972 1879 geris,
994 1828 1174 1879 imperas
1197 1840 1205 1867 2

342 1891 452 1929 Hinc
471 1904 593 1929 omne
614 1891 876 1942 principium,
898 1890 981 1929 huc
1000 1891 1106 1929 refer
1126 1891 1299 1929 exitum.

394 1954 448 1992 Di
467 1954 602 1992 multa
621 1954 799 2004 neglecti
819 1954 1024 1993 dederunt

447 2018 673 2068 Hesperiae
694 2019 805 2056 mala
824 2019 1052 2057 luctuosae.

342 2095 433 2132 Iam
452 2093 516 2132 bis
536 2094 751 2132 Monaeses
771 2098 813 2132 et
834 2094 980 2132 Pacori
1000 2107 1149 2132 manus

340 2157 436 2196 Non
456 2157 694 2207 auspicatos
715 2157 908 2196 contudit
929 2157 1112 2208 impetus

393 2219 569 2258 Nostros
589 2224 631 2258 et
652 2220 849 2260 adiecisse
869 2220 1069 2270 praedam

447 2282 682 2334 Torquibus
702 2283 860 2334 exiguis
880 2283 1054 2321 renidet.

1394 553 1443 593 45

1394 881 1444 920 50

1393 1209 1441 1248 55

1417 1838 1439 1876 5

1393 2168 1441 2196 10
