1710 2604
779 166 952 199 HORACE

425 283 598 329 Dilecta,
621 288 827 334 quantum
847 295 930 321 non
953 282 1104 321 Pholoe
1125 281 1264 333 fugax,

425 347 526 386 Non
547 347 717 393 Chloris,
739 346 834 385 albo
854 346 911 385 sic
930 359 1072 385 umero
1092 345 1240 392 nitens,

478 411 537 450 Ut
557 423 662 461 pura
680 414 884 449 nocturno
904 409 1063 448 renidet

531 474 650 512 Luna
668 474 773 512 mari
792 473 1014 513 Cnidiusve
1034 472 1184 524 Gyges.

426 550 558 601 Quem
578 551 611 590 si
631 551 862 602 puellarum
882 551 1079 590 insereres
1098 550 1236 595 choro,

427 613 527 652 Mire
546 626 713 664 sagaces
733 613 892 653 falleret
911 613 1096 665 hospites

480 677 709 716 Discrimen
730 678 952 717 obscurum
973 677 1118 716 solutis

532 740 722 780 Crinibus
743 741 1021 792 ambiguoque
1040 740 1174 780 voltu.

833 869 902 907 VI.

736 945 930 997 (Sapphic
952 945 1002 995 1.)

428 1031 614 1082 Septimi,
637 1031 774 1071 Gades
794 1032 956 1071 aditure
977 1044 1139 1070 mecum
1160 1035 1200 1069 et

427 1095 685 1134 Cantabrum
705 1095 923 1134 indoctum
943 1095 1039 1146 iuga
1059 1095 1162 1133 ferre
1181 1100 1325 1133 nostra
1345 1098 1388 1132 et

428 1158 636 1197 Barbaras
657 1158 811 1210 Syrtes,
833 1158 905 1197 ubi
926 1159 1071 1197 Maura
1091 1170 1253 1209 semper

480 1222 658 1261 Aestuat
679 1223 805 1267 unda,

427 1298 555 1337 Tibur
575 1299 709 1350 Argeo
729 1299 912 1350 positum
932 1299 1078 1338 colono

429 1362 489 1401 Sit
510 1375 627 1401 meae
648 1363 764 1402 sedes
783 1363 947 1402 utinam
968 1366 1170 1406 senectae,

429 1425 489 1465 Sit
510 1427 659 1466 modus
680 1426 787 1465 lasso
808 1426 932 1465 maris
953 1430 993 1464 et
1014 1425 1179 1464 viarum

481 1490 748 1541 Militiaeque.

429 1567 551 1606 Unde
571 1568 605 1606 si
628 1568 782 1606 Parcae
802 1567 1025 1618 prohibent
1046 1566 1226 1617 iniquae,

429 1631 559 1670 Dulce
580 1631 731 1682 pellitis
751 1630 901 1669 ovibus
921 1630 1083 1669 Galaesi

430 1695 604 1734 Flumen
625 1700 666 1734 et
688 1699 861 1746 regnata
881 1699 1023 1746 petam
1044 1693 1197 1732 Laconi

484 1759 599 1797 Rura
621 1758 869 1797 Phalantho.

431 1836 504 1874 Ille
525 1841 729 1874 terrarum
749 1835 851 1874 mihi
872 1840 1036 1886 praeter
1055 1846 1199 1873 omnes

429 1899 617 1950 Angulus
637 1899 756 1944 ridet,
779 1898 851 1937 ubi
871 1911 954 1937 non
977 1898 1183 1949 Hymetto

430 1964 552 2002 Mella
571 1963 779 2002 decedunt
800 1963 1005 2013 viridique
1025 1966 1157 2001 certat

484 2027 596 2066 Baca
616 2027 797 2065 Venafro
818 2039 824 2071 ;

430 2105 511 2144 Ver
530 2105 601 2144 ubi
623 2105 791 2155 longum
814 2104 1059 2155 tepidasque
1079 2102 1250 2154 praebet

432 2168 621 2219 Iuppiter
641 2168 824 2213 brumas,
846 2171 887 2206 et
908 2167 1066 2205 amicus
1085 2166 1221 2204 Aulon

432 2232 574 2270 Fertili
595 2231 761 2270 Baccho
781 2231 1000 2270 minimum
1021 2229 1204 2268 Falernis

486 2295 651 2333 Invidet
673 2294 776 2333 uvis.

1468 483 1522 512 20

1477 1638 1526 1666 10

1478 1969 1523 2009 15

1475 2302 1526 2331 20
