1710 2604
232 171 286 209 80

811 179 986 209 HORACE

452 280 535 319 Vos
556 280 775 319 Caesarem
796 280 944 325 altum,
967 280 1118 318 militia
1136 280 1262 319 simul

451 343 597 382 Fessas
619 342 811 382 cohortes
832 343 998 383 abdidit
1018 343 1198 394 oppidis,

503 406 536 444 F
539 406 642 445 inire
663 410 936 457 quaerentem
956 406 1132 452 labores,

556 469 690 508 Pierio
710 470 907 508 recreatis
928 474 1065 508 antro.

451 580 534 619 Vos
553 581 645 619 lene
666 580 886 619 consilium
906 584 949 619 et
969 580 1082 619 datis
1102 584 1144 618 et
1165 580 1268 618 dato

450 642 668 688 Gaudetis,
691 644 840 682 almae.
899 643 1074 689 Scimus,
1096 647 1145 682 ut
1166 643 1302 694 inpios

503 706 679 746 Titanas
701 707 999 758 inmanemque
1020 711 1206 746 turmam

559 769 752 809 Fulmine
772 770 990 809 sustulerit
1011 770 1183 816 caduco,

450 886 531 937 Qui
552 890 707 925 terram
727 886 919 932 inertem,
942 886 1015 937 qui
1036 898 1150 925 mare
1172 890 1381 937 temperat

450 949 686 988 Ventosum
707 955 749 988 et
770 949 893 988 urbes
913 962 1125 1000 regnaque
1146 949 1297 996 tristia,

504 1012 723 1064 Divosque
744 1013 1028 1064 mortalesque
1049 1012 1196 1052 turbas

562 1076 745 1127 Imperio
765 1076 871 1127 regit
892 1089 1001 1115 unus
1022 1089 1170 1127 aequo.

454 1191 654 1243 Magnum
674 1192 744 1230 illa
766 1196 967 1231 terrorem
987 1192 1189 1231 intulerat
1212 1192 1303 1231 Iovi

455 1255 608 1294 Fidens
627 1255 826 1294 iuventus
846 1255 1016 1294 horrida
1036 1255 1254 1301 bracchiis,

510 1318 761 1370 Fratresque
782 1319 1005 1359 tendentes
1025 1331 1159 1370 opaco

565 1382 708 1421 Pelion
727 1382 960 1433 inposuisse
982 1381 1177 1433 Olympo.

457 1498 539 1537 Sed
559 1498 662 1549 quid
681 1497 907 1549 Typhoeus
928 1502 969 1536 et
990 1498 1155 1537 validus
1177 1498 1339 1544 Mimas,

458 1562 545 1600 Aut
566 1561 669 1612 quid
688 1561 842 1600 minaci
864 1560 1127 1612 Porphyrion
1146 1566 1278 1607 stam,

513 1623 624 1675 Quid
646 1623 837 1663 Rhoetus
857 1624 1092 1675 evolsisque
1113 1624 1272 1663 truncis

568 1687 805 1727 Enceladus
825 1687 1031 1726 iaculator
1050 1688 1191 1726 audax

462 1803 618 1843 Contra
637 1808 861 1842 sonantem
882 1803 1065 1843 Palladis
1085 1803 1231 1855 aegida

464 1867 639 1906 Possent
659 1866 860 1906 ruentes?
921 1867 1032 1906 Hinc
1051 1866 1202 1906 avidus
1221 1867 1341 1906 stetit

516 1930 739 1976 Volcanus,
761 1929 859 1969 hinc
878 1934 1076 1969 matrona
1096 1930 1203 1969 Iuno
1223 1934 1265 1969 et

570 1993 816 2044 Numquam
837 1993 990 2032 umeris
1010 1993 1224 2045 positurus
1244 2005 1401 2035 arcum.

464 2109 546 2160 Qui
565 2122 656 2148 rore
676 2121 782 2160 puro
803 2108 1010 2148 Castaliae
1029 2109 1135 2148 lavit

465 2173 606 2212 Crines
625 2173 799 2219 solutos,
821 2172 894 2224 qui
915 2172 1068 2224 Lyciae
1088 2177 1206 2212 tenet

519 2236 706 2275 Dumeta
725 2237 996 2287 natalemque
1016 2236 1181 2283 silvam,

573 2299 718 2339 Delius
737 2303 780 2338 et
803 2299 1005 2338 Patareus
1026 2299 1189 2351 Apollo.

1506 480 1560 520 40

1510 893 1560 935 45

1511 1264 1564 1304 50

1515 1632 1565 1674 55

1518 1992 1571 2032 60
