1710 2604
798 174 974 203 HORACE

439 275 703 326 Quicumque
723 275 883 313 mundo
905 274 1108 313 terminus
1129 273 1311 319 obstitit,

439 339 565 377 Hunc
586 342 735 388 tangat
756 338 894 383 armis,
919 337 1050 376 visere
1071 337 1266 388 gestiens,

492 401 586 452 Qua
607 405 727 452 parte
747 400 1064 439 debacchantur
1084 400 1211 451 ignes,

546 467 640 518 Qua
659 466 838 505 nebulae
859 466 1075 518 pluviique
1095 478 1221 506 rores.

439 544 521 584 Sed
541 543 747 583 bellicosis
767 543 858 582 fata
879 543 1114 594 Quiritibus

440 607 533 646 Hac
554 608 641 658 lege
662 607 768 652 dico,
790 619 842 645 ne
862 606 1040 645 nimium
1061 606 1120 657 pii

495 669 722 721 Rebusque
742 670 921 709 fidentes
942 670 1084 708 avitae

546 733 677 772 Tecta
697 733 830 772 velint
850 745 1043 784 reparare
1063 732 1223 773 Troiae.

439 811 587 850 Troiae
607 823 827 849 renascens
849 810 948 849 alite
968 809 1135 861 lugubri

442 874 630 913 Fortuna
651 873 763 913 tristi
783 873 901 912 clade
921 872 1157 918 iterabitur,

496 937 688 976 Ducente
709 936 902 975 victrices
922 940 1115 975 catervas

549 1000 732 1051 Coniuge
753 1012 819 1038 me
843 999 956 1038 Iovis
977 1004 1018 1038 et
1039 1011 1191 1038 sorore.

442 1077 522 1116 Ter
541 1077 575 1116 si
595 1082 785 1128 resurgat
806 1089 952 1115 murus
972 1076 1155 1115 aheneus

443 1142 626 1180 Auctore
648 1139 831 1185 Phoebo,
855 1144 919 1178 ter
939 1144 1082 1190 pereat
1104 1139 1206 1178 meis

498 1204 676 1242 Excisus
695 1203 875 1254 Argivis,
900 1208 962 1242 ter
983 1215 1089 1242 uxor

552 1267 688 1319 Capta
707 1267 845 1305 virum
866 1278 1101 1318 puerosque
1122 1266 1287 1317 ploret.'

444 1345 541 1384 Non
560 1344 641 1384 hoc
660 1344 824 1383 iocosae
845 1343 1067 1382 conveniet
1088 1344 1203 1394 lyrae
1226 1355 1233 1382 :

446 1408 552 1460 Quo,
575 1407 708 1453 Musa,
732 1407 903 1446 tendis?
963 1407 1116 1446 Desine
1136 1406 1333 1458 pervicax

502 1471 672 1510 Referre
692 1483 904 1510 sermones
925 1470 1099 1509 deorum
1120 1475 1162 1508 et

556 1535 708 1583 Magna
730 1534 865 1572 modis
887 1538 1060 1572 tenuare
1081 1533 1236 1584 parvis.

862 1680 931 1719 IV.

801 1756 991 1808 (Alcaic.)

451 1835 667 1875 Descende
687 1835 802 1874 caelo
823 1841 864 1874 et
886 1835 953 1874 dic
974 1847 1049 1886 age
1071 1834 1175 1874 tibia

452 1899 613 1951 Regina
633 1899 804 1949 longum
826 1897 1010 1948 Calliope
1030 1898 1172 1943 melos,

505 1962 587 2001 Seu
607 1973 709 2000 voce
729 1973 842 1999 nunc
863 1960 999 1999 mavis
1019 1965 1158 2006 acuta,

560 2025 640 2064 Seu
662 2024 815 2063 fidibus
836 2023 1083 2074 citharaque
1106 2023 1276 2063 Phoebi.

452 2099 633 2145 Auditis,
657 2111 710 2138 an
731 2111 797 2137 me
818 2098 927 2137 ludit
948 2097 1141 2137 amabilis

454 2162 656 2203 Insania?
716 2162 873 2201 Audire
893 2166 935 2200 et
956 2161 1102 2200 videor
1122 2161 1213 2212 pios

507 2226 657 2265 Errare
677 2238 750 2276 per
769 2225 896 2270 lucos,
920 2236 1122 2263 amoenae

561 2288 675 2340 Quos
695 2292 738 2326 et
759 2300 894 2338 aquae
914 2286 1097 2326 subeunt
1118 2292 1160 2325 et
1181 2298 1321 2326 aurae.

1497 408 1547 449 55

1498 732 1551 772 60

1503 1417 1556 1458 70
