1700 2573
673 181 784 211 ODEs
813 180 840 208 1.
900 178 959 205 12.
1424 162 1474 202 29

436 299 582 339 Dicam
602 300 643 335 et
662 293 833 334 Alciden
853 298 1082 342 puerosque
1102 282 1250 326 Ledae,
1427 282 1475 322 25

438 363 563 402 Hunc
583 359 710 411 equis,
733 357 849 396 illum
871 362 1063 404 superare
1082 344 1232 399 pugnis

437 426 629 467 Nobilem
648 435 656 469 ;
687 432 863 473 quorum
883 414 1005 456 simul
1024 412 1119 452 alba
1138 407 1277 448 nautis

546 490 673 530 Stella
691 486 864 530 refulsit,

443 601 599 644 Defiuit
620 598 732 639 saxis
753 595 936 647 agitatus
955 601 1088 633 umor,

443 664 676 706 Concidunt
697 659 814 699 venti
834 656 1082 708 fugiuntque
1103 648 1247 691 nubes,
1434 651 1484 689 30

446 730 502 768 Et
523 727 680 771 minax,
704 722 816 775 quod
837 720 894 759 sic
912 717 1091 759 voluere,
1112 715 1243 764 ponto

556 789 682 830 Unda
700 783 916 825 recumbit.

453 901 680 942 Romulum
699 900 794 949 post
814 894 889 933 hos
910 890 1036 943 prius,
1058 900 1111 926 an
1131 884 1319 936 quietum

451 962 628 1015 Pompili
646 971 819 1012 regnum
839 964 1077 996 memorem,
1100 961 1153 988 an
1174 943 1372 997 superbos

451 1026 649 1080 Tarquini
668 1025 810 1067 fasces,
832 1019 992 1063 dubito,
1015 1028 1068 1055 an
1088 1010 1259 1053 Catonis
1438 1012 1488 1052 35

558 1089 707 1129 Nobile
726 1087 868 1125 letum.

457 1201 662 1253 Regulum
682 1202 723 1236 et
743 1196 917 1235 Scauros
937 1190 1183 1237 animaeque
1202 1192 1377 1232 magnae

457 1264 680 1315 Prodigum
700 1258 891 1299 Paullum
911 1254 1132 1305 superante
1153 1248 1292 1286 Poeno

458 1330 611 1369 Gratus
629 1323 778 1375 insigni
797 1321 972 1360 referam
993 1325 1165 1355 camena

566 1387 895 1435 Fabriciumque.
1446 1377 1496 1416 40

463 1503 599 1546 Hunc,
621 1503 662 1538 et
681 1493 903 1545 incomptis
922 1489 1092 1530 Curium
1112 1482 1269 1535 capillis

463 1565 619 1606 Utilem
637 1561 744 1601 bello
765 1558 862 1598 tulit
883 1560 925 1595 et
944 1551 1163 1593 Camillum

464 1629 597 1668 Saeva
616 1626 839 1677 paupertas
859 1623 900 1657 et
921 1616 1059 1656 avitus
1080 1615 1180 1663 apto

569 1690 673 1729 Cum
694 1687 777 1724 lare
799 1681 965 1722 fundus.

466 1799 618 1841 Crescit
638 1795 799 1836 occulto
818 1792 932 1830 velut
953 1788 1073 1827 arbor
1092 1795 1197 1823 aevo
1452 1783 1501 1824 45

470 1865 601 1903 Fama
619 1857 799 1900 Marcelli
821 1868 828 1901 ;
858 1854 985 1893 micat
1006 1850 1113 1888 inter
1131 1857 1274 1885 omnes

471 1926 622 1967 Iulium
642 1923 767 1966 sidus,
789 1919 905 1957 velut
926 1916 1033 1954 inter
1053 1912 1166 1963 ignes

577 1988 696 2026 Luna
713 1983 903 2022 minores.

471 2106 616 2147 Gentis
633 2104 839 2142 humanae
858 2101 977 2149 pater
997 2098 1123 2143 atque
1143 2092 1296 2132 custos,

472 2172 573 2212 Orte
593 2168 783 2210 Saturno,
805 2161 882 2201 tibi
900 2171 998 2199 cura
1016 2153 1156 2206 magni
1459 2153 1511 2194 50

475 2231 658 2275 Caesaris
677 2228 776 2268 fatis
795 2227 895 2266 data
917 2235 925 2262 :
955 2226 1003 2261 tu
1022 2216 1201 2259 secundo

585 2295 756 2335 Caesare
775 2300 929 2341 regnes.
