1710 2604
198 174 247 213 26
755 183 928 214 HonAcE

303 296 412 346 Quid
431 297 546 342 latet,
567 301 615 335 ut
635 296 818 336 marinae

356 360 504 398 Filium
524 360 667 399 dicunt
687 359 874 399 Thetidis
894 360 972 399 sub
994 361 1212 400 lacrimosa
1231 360 1377 400 Troiae

303 422 476 468 Funera,
499 436 549 462 ne
569 423 696 462 virilis
1453 434 1499 474 15

354 485 499 525 Cultus
519 485 561 525 in
580 486 749 525 caedem
769 491 811 525 et
833 486 981 538 Lycias
1001 487 1229 538 proriperet
1250 493 1441 526 catervas
1458 486 1473 525 ?

819 618 890 657 IX.

760 695 945 746 (Alcaic.)

462 773 586 812 Vides
605 778 653 812 ut
673 774 759 812 alta
779 777 861 812 stet
881 773 977 811 nive
999 773 1226 812 candidum

461 835 640 882 Soracte,
662 849 736 875 nec
756 836 839 875 iam
859 836 1091 875 sustineant
1111 848 1217 875 onus

514 899 649 939 Silvae
669 899 917 945 laborantes,
939 900 1115 950 geluque

568 962 760 1001 Flumina
780 962 1042 1001 constiterint
1064 967 1201 1001 acuto.

466 1039 654 1079 Dissolve
676 1040 803 1091 frigus
822 1040 932 1091 ligna
953 1052 1076 1091 super
1095 1039 1188 1078 foco
1481 1047 1505 1088 5

461 1102 591 1154 Large
611 1116 813 1155 reponens
833 1108 960 1154 atque
980 1102 1199 1154 benignius

515 1170 721 1221 Deprome
741 1170 1007 1221 quadrimum
1028 1168 1196 1214 Sabina,

565 1236 601 1275 O
621 1235 877 1281 Thaliarche,
899 1247 1060 1274 merum
1080 1234 1209 1274 diota.

463 1309 661 1348 Permitte
681 1310 789 1349 divis
809 1314 956 1355 cetera,
980 1309 1051 1360 qui
1071 1308 1196 1347 simul

461 1375 653 1414 Stravere
673 1380 821 1414 ventos
841 1387 1018 1426 aequore
1039 1374 1199 1413 fervido
1454 1383 1504 1412 10

515 1438 841 1490 Deproeliantes,
863 1451 937 1477 nec
958 1437 1139 1489 cupressi

567 1502 654 1541 Nec
673 1506 834 1541 veteres
853 1502 1067 1553 agitantur
1086 1500 1188 1539 orni.

461 1576 571 1627 Quid
591 1577 644 1615 sit
665 1577 853 1616 futurum
874 1589 975 1621 cras,
998 1575 1092 1627 fuge
1113 1585 1322 1626 quaerere,
1343 1578 1386 1612 et

461 1639 594 1691 Quem
614 1640 697 1679 fors
717 1640 876 1679 dierum
896 1652 1074 1690 cumque
1094 1638 1226 1683 dabit,
1249 1637 1363 1676 lucro

512 1704 699 1755 Adpone,
721 1716 795 1742 nec
815 1703 954 1742 dulces
974 1714 1134 1741 amores
1448 1709 1500 1748 15

567 1766 732 1817 Sperne,
754 1779 866 1817 puer,
889 1778 1022 1816 neque
1043 1770 1090 1803 tu
1109 1764 1295 1810 choreas,

461 1845 602 1883 Donec
621 1844 772 1883 virenti
791 1844 963 1882 canities
983 1843 1100 1882 abest

462 1908 636 1946 Morosa.
693 1907 816 1946 Nunc
835 1912 876 1946 et
897 1919 1069 1957 campus
1088 1909 1130 1944 et
1150 1917 1270 1944 areae

515 1971 727 2022 Lenesque
747 1971 824 2009 sub
844 1975 1009 2009 noctem
1029 1968 1182 2008 susurri

566 2034 791 2085 Conposita
810 2037 1054 2085 repetantur
1072 2028 1188 2077 ho'ra,
1451 2041 1501 2069 20

461 2108 582 2146 Nunc
602 2113 642 2146 et
663 2108 832 2146 latentis
851 2107 1038 2158 proditor
1058 2106 1207 2144 intimo

461 2170 614 2210 Gratus
634 2171 793 2222 puellae
813 2171 916 2209 risus
936 2170 990 2208 ab
1010 2169 1174 2220 angulo,

515 2234 749 2285 Pignusque
769 2235 987 2284 dereptum
1008 2232 1172 2271 lacertis

566 2298 652 2336 Aut
672 2297 801 2348 digito
822 2297 928 2335 male
947 2295 1163 2348 pertinaci.
