1679 2583
630 169 742 200 omis
774 174 834 203 111.
870 177 929 217 17.

338 260 570 312 Inportuna
592 272 732 309 tamen
752 277 970 326 pauperies
991 279 1121 329 abest,

337 323 434 370 Nec,
457 327 490 365 si
510 330 629 378 plura
649 335 786 381 velim,
811 342 857 376 tu
877 340 975 380 dare
996 343 1183 397 deneges.

335 385 559 429 Contracto
579 395 724 435 melius
744 411 875 448 parva
896 405 1088 454 cupidine

387 449 613 503 Vectigalia
633 460 854 511 porrigam,

330 557 464 608 Quam
484 562 518 600 si
538 563 772 615 Mygdoniis
792 584 964 623 regnum
984 578 1172 628 Alyattei

328 619 493 672 Campis
513 628 765 671 continuem.
823 634 958 677 Multa
976 644 1218 690 petentibus

324 682 487 725 Desunt
507 690 641 729 multa
664 704 671 730 :
704 693 860 743 benest,
884 701 949 739 cui
970 702 1070 743 deus
1090 706 1244 749 obtulit

376 746 506 788 Parca
526 754 640 801 quod
659 757 761 796 satis
781 765 843 798 est
863 774 1004 805 manu.

693 983 819 1026 XVII.

660 1077 846 1133 (Alcaz'c.)

308 1162 397 1202 Aeli
418 1172 586 1208 vetusto
607 1173 755 1214 nobilis
776 1178 829 1216 ab
851 1180 993 1229 Lamo,

306 1225 483 1275 Quando
503 1237 544 1271 et
564 1235 720 1284 priores
740 1239 835 1280 hinc
856 1243 1022 1287 Lamias
1043 1250 1182 1293 ferunt

356 1289 658 1337 Denominatos
678 1305 719 1339 et
740 1311 943 1354 nepotum

411 1354 488 1393 Per
507 1370 709 1401 memores
728 1378 857 1415 genus
878 1382 1000 1411 omne
1020 1374 1151 1416 fastos
1168 1390 1178 1424 ‚·

296 1466 477 1508 Auctore
498 1472 550 1510 ab
570 1474 640 1513 illo
661 1477 777 1518 ducis
797 1483 1010 1534 originem,

297 1528 376 1578 Qui
397 1531 657 1577 Formiarum
677 1545 842 1583 moenia
863 1547 1016 1589 dicitur

348 1592 543 1647 Princeps
562 1605 603 1639 et
623 1601 841 1647 innantem
862 1609 1040 1653 Maricae

400 1656 610 1701 Litoribus
631 1668 811 1708 tenuisse
831 1671 970 1720 Lirim,

289 1767 392 1808 Late
414 1776 630 1821 tyrannus.
689 1780 787 1821 Cras
807 1784 914 1826 foliis
934 1801 1080 1831 nemus

287 1829 428 1871 Multis
448 1840 489 1873 et
509 1837 602 1888 alga
620 1841 720 1881 litus
739 1844 877 1886 inutili

338 1893 528 1937 Demissa
550 1905 777 1954 tempestas
797 1909 850 1947 ab
870 1911 984 1952 Euro

389 1958 566 2008 Sternet,
589 1977 722 2016 aquae
742 1971 821 2010 nisi
842 1973 948 2014 fallit
969 1991 1101 2030 augur

278 2069 448 2111 Annosa
469 2078 623 2117 cornix.
682 2083 794 2124 Dum
814 2089 937 2137 potis,
959 2093 1123 2136 aridum

276 2131 471 2184 Conpone
490 2139 649 2189 lignum
672 2156 680 2182 :
712 2159 800 2187 cras
819 2153 987 2200 genium
1007 2169 1120 2198 mero

327 2195 501 2240 (jurabis
521 2208 562 2242 et
582 2218 707 2255 porco
728 2209 915 2254 bimestri

380 2260 482 2303 Cum
504 2265 670 2309 famulis
689 2284 861 2325 operum
881 2280 1040 2324 solutis.

1384 192 1432 233 95

1357 491 1427 540 .40

1333 1876 1382 1904 10

1320 2240 1367 2283 15
