1710 2604
212 185 263 223 68

788 194 961 222 HORACE

425 304 490 342 Me
510 316 586 342 nec
607 302 851 341 Chimaerae
873 302 1044 353 spiritus
1064 302 1208 353 igneae

424 367 523 412 Nec,
547 365 581 405 si
600 370 801 417 resurgat,
824 365 1088 405 centimanus
1108 366 1235 417 Gigas

478 429 659 468 Divellet
679 441 884 480 umquam
907 441 913 467 :
945 428 1003 468 sic
1023 429 1189 480 potenti

534 492 727 531 Iustitiae
748 492 1036 544 placitumque
1059 492 1211 532 Parcis.

425 569 505 608 Seu
528 569 653 607 Libra
672 581 745 608 seu
765 582 832 608 me
853 569 1045 621 Scorpios
1066 569 1246 620 adspicit

425 633 749 679 Formidolosus,
767 642 869 684 'pars
889 633 1113 672 violentior

479 696 645 736 Natalis
664 696 805 743 horae,
827 709 899 736 seu
921 702 1129 748 tyrannus

533 760 760 811 Hesperiae
780 760 1057 811 Capricornus
1077 760 1229 806 undae,

426 838 665 888 Utrumque
685 842 877 877 nostrum
898 838 1131 877 incredibili
1150 838 1276 877 modo

424 900 645 940 Consentit
668 905 842 940 astrum.
899 900 958 940 Te
980 901 1093 940 Iovis
1112 901 1228 953 inpio

481 965 635 1004 Tutela
655 964 837 1003 Saturno
858 965 1066 1016 refulgens

532 1027 700 1079 Eripuit
722 1027 985 1078 volucrisque
1007 1027 1102 1067 Fati

424 1105 628 1144 Tardavit
650 1106 750 1151 alas,
772 1104 840 1143 cui
859 1105 1040 1156 populus
1061 1105 1258 1157 frequens

427 1169 605 1208 Laetum
625 1167 803 1207 theatris
824 1172 888 1207 ter
907 1168 1069 1219 crepuit
1090 1181 1239 1207 sonum
1260 1179 1268 1215 ;

480 1232 545 1271 Me
567 1236 742 1271 truncus
762 1231 950 1282 inlapsus
970 1231 1140 1270 cerebro

538 1294 788 1340 Sustulerat‚
810 1294 890 1333 nisi
911 1294 1081 1334 Faunus
1101 1295 1232 1334 ictum

429 1373 591 1411 Dextra
612 1373 805 1418 levasset,
828 1371 1136 1410 Mercurialium

429 1435 578 1475 Custos
599 1435 797 1474 virorum.
857 1434 1048 1474 Reddere
1069 1435 1264 1474 victimas

482 1499 725 1550 Aedemque
745 1499 937 1538 votivam
958 1503 1171 1538 memento
1191 1511 1199 1545 ;

536 1562 624 1603 Nos
643 1562 846 1601 humilem
868 1562 1062 1601 feriemus
1083 1575 1249 1613 agnam.

802 1706 948 1745 XVIII.

689 1778 745 1829 (Η
747 1778 1062 1829 ipponacteum.)

429 1851 524 1890 Non
545 1851 649 1889 ebur
668 1862 803 1901 neque
824 1862 998 1889 aureum

483 1914 576 1953 Mea
595 1913 757 1952 renidet
778 1913 820 1951 in
841 1913 967 1952 domo
989 1914 1172 1960 lacunar,

429 1979 525 2017 Non
548 1977 687 2017 trabes
709 1977 956 2027 Hymettiae

484 2042 685 2081 Premunt
707 2041 923 2080 columnas
943 2041 1090 2080 ultima
1114 2041 1267 2081 recisas

429 2119 582 2165 Africa,
604 2131 740 2170 neque
760 2118 896 2157 Attali

485 2183 661 2234 Ignotus
681 2182 799 2221 heres
819 2182 975 2233 regiam
996 2181 1214 2233 occupavi,

431 2246 518 2285 Nec
540 2246 767 2285 Laconicas
787 2245 889 2284 mihi

483 2310 674 2348 Trahunt
695 2309 896 2348 honestae
917 2321 1124 2360 purpuras
1144 2309 1332 2348 clientae.

1485 442 1530 481 Ι5

1487 1121 1534 1162 ²5

1485 1447 1536 1486 30
