1700 2573
677 183 788 212 ODEs
818 183 844 212 1.
874 181 910 222 3.

358 293 422 333 Illi
442 295 566 334 robur
585 300 626 334 et
647 308 715 334 aes
735 295 884 346 triplex

408 358 524 397 Circa
543 363 688 410 pectus
708 363 808 405 erat,
831 359 901 410 qui
922 358 1107 410 fragilem
1127 357 1234 397 truci

357 420 556 461 Conmisit
575 422 720 473 pelago
739 427 872 461 ratem

411 484 584 532 Primus,
605 498 680 524 nec
700 485 841 524 timuit
860 485 1129 536 praecipitem
1148 483 1334 522 Africum

357 595 650 634 Decertantem
669 595 955 646 Aquilonibus,

409 658 496 697 Nec
516 658 653 697 tristes
673 658 858 709 Hyadas,
880 671 954 697 nec
974 657 1131 696 rabiem
1150 656 1264 702 Noti,

356 724 448 775 Quo
467 737 550 763 non
570 724 723 763 arbiter
743 724 924 763 Hadriae

409 790 551 836 Maior,
574 790 714 829 tollere
735 803 806 829 seu
825 803 976 841 ponere
996 790 1084 829 volt
1104 789 1222 828 freta.

355 899 488 951 Quem
507 900 652 939 mortis
673 900 813 939 timuit
831 900 1019 951 gradum,

408 963 488 1015 Qui
508 963 623 1002 siccis
641 963 769 1002 oculis
787 968 974 1002 monstra
993 963 1197 1007 natantia,

355 1026 435 1078 Qui
454 1027 559 1066 vidit
579 1039 691 1065 mare
712 1026 925 1066 turbidum
945 1031 986 1065 et

411 1091 593 1129 Infames
612 1090 813 1141 scopulos,
834 1089 1134 1129 Acroceraunia
1151 1089 1165 1128 ?

355 1200 620 1251 Nequiquam
640 1200 740 1239 deus
760 1199 935 1238 abscidit

410 1263 595 1302 Prudens
614 1263 779 1303 Oceano
799 1262 1046 1302 dissociabili

355 1326 512 1373 Terras,
534 1327 567 1365 si
587 1331 728 1365 tamen
747 1326 883 1377 inpiae

409 1391 504 1429 Non
524 1390 733 1441 tangenda
753 1393 862 1428 rates
883 1389 1120 1428 transiliunt
1139 1391 1262 1429 vada.

356 1501 508 1539 Audax
526 1500 666 1539 omnia
685 1499 844 1550 perpeti

409 1563 519 1602 Gens
536 1562 720 1601 humana
740 1562 822 1601 ruit
842 1575 915 1613 per
934 1562 1114 1601 vetitum
1134 1562 1261 1601 nefas.

355 1627 506 1666 Audax
527 1626 660 1677 Iapeti
679 1639 806 1677 genus

411 1691 553 1741 Ignem
574 1689 717 1728 fraude
737 1690 846 1728 mala
865 1689 1058 1740 gentibus
1076 1689 1231 1728 intulit.

357 1799 455 1839 Post
476 1800 611 1851 ignem
631 1799 814 1837 aetheria
833 1799 957 1838 domo

409 1862 669 1901 Subductum
688 1861 840 1900 macies
858 1865 899 1900 et
919 1874 1029 1900 nova
1049 1861 1226 1900 febrium

354 1926 488 1965 Terris
506 1925 694 1964 incubuit
715 1924 871 1971 cohors,

409 1989 646 2039 Semotique
665 1988 777 2040 prius
798 1989 918 2027 tarda
938 1988 1159 2027 necessitas

355 2099 446 2138 Leti
465 2098 662 2149 corripuit
681 2098 867 2149 gradum.

407 2163 617 2214 Expertus
636 2173 816 2200 vacuum
836 2161 1045 2199 Daedalus
1065 2164 1159 2200 aera

355 2226 504 2265 Pennis
522 2238 605 2264 non
623 2224 781 2264 homini
800 2224 908 2263 datis
927 2237 934 2270 ;

407 2289 595 2340 Perrupit
615 2288 851 2327 Acheronta
871 2287 1098 2327 Herculeus
1117 2288 1245 2328 labor.

1395 179 1441 211 21

1395 367 1443 395 10

1393 1100 1444 1128 20

1393 1873 1442 1911 30

1387 2235 1436 2274 35
