1679 2583
627 159 739 187 onas
770 159 815 188 11.
850 157 910 197 15.

328 266 531 304 Visendus
551 270 641 304 ater
660 266 831 304 flumine
850 266 1046 317 languido

328 328 505 379 Cocytos
525 342 665 367 errans
686 333 727 368 et
748 329 885 368 Danai
904 342 1032 380 genus

381 391 544 431 Infame
564 392 873 443 damnatusque
893 392 1004 443 longi

433 455 635 506 Sisyphus
654 456 845 494 Aeolides
865 455 1031 495 laboris.

328 532 573 583 Linquenda
594 533 716 570 tellus
736 536 778 570 et
799 532 947 570 domus
968 536 1009 570 et
1029 532 1196 582 placens

329 594 455 640 Uxor,
476 607 610 645 neque
629 594 791 640 harum,
816 607 918 645 quas
939 594 1049 640 colis,
1072 593 1267 633 arborum

378 657 436 696 Te
455 662 618 708 praeter
638 657 793 696 invisas
813 669 1027 708 cupressos

434 719 527 758 Ulla
546 720 715 758 brevem
736 719 952 758 dominum
972 723 1181 770 sequetur.

326 796 530 834 Absumet
549 795 666 834 heres
687 795 878 834 Caecuba
897 795 1059 845 dignior

327 859 501 898 Servata
520 863 689 897 centum
709 858 897 898 clavibus
917 863 958 897 et
979 871 1093 896 mero

377 921 555 972 Tinguet
576 922 867 972 pavimentum
887 921 1079 972 superbo,

433 984 683 1023 Pontificum
704 984 863 1035 potiore
884 984 1007 1022 cenis.

723 1110 808 1148 XV.

672 1197 859 1248 (Alcaic.)

327 1286 417 1324 Iam
437 1298 571 1337 pauca
590 1289 730 1323 aratro
750 1285 889 1335 iugera
910 1285 1045 1335 regiae

326 1349 453 1387 Moles
472 1348 720 1398 relinquent,
742 1347 926 1397 undique
946 1347 1072 1385 latius

378 1411 567 1450 Extenta
586 1411 774 1449 visentur
794 1410 971 1448 Lucrino

432 1473 589 1524 Stagna
608 1473 713 1519 lacu,
736 1473 1015 1524 platanusque
1036 1472 1197 1510 caelebs

325 1545 503 1583 Evincet
522 1545 657 1583 ulmos
677 1556 684 1589 ;
716 1548 808 1582 tum
828 1543 1001 1582 violaria
1021 1547 1063 1581 et

325 1608 489 1658 Myrtus
509 1611 551 1646 et
570 1606 704 1645 omnis
725 1606 844 1657 copia
865 1605 1027 1644 narium

379 1670 582 1721 Spargent
602 1669 766 1708 olivetis
785 1669 968 1713 odorem,

431 1732 654 1771 Fertilibus
673 1732 842 1770 domino
863 1731 985 1782 priori
1008 1742 1016 1776 ;

323 1804 432 1843 Tum
451 1804 583 1855 spissa
602 1803 728 1842 ramis
747 1803 888 1841 laurea
908 1802 1089 1840 fervidos

325 1867 532 1905 Excludet
552 1866 672 1905 ictus.
729 1866 825 1904 Non
844 1865 905 1904 ita
926 1865 1094 1904 Romuli

379 1929 686 1980 Praescriptum
706 1933 748 1967 et
767 1928 922 1967 intonsi
942 1928 1113 1967 Catonis

430 1991 637 2043 Auspiciis
656 1995 929 2041 veterumque
949 2003 1107 2029 norma.

326 2064 521 2103 Privatus
541 2063 620 2102 illis
640 2075 786 2101 census
806 2066 895 2101 erat
915 2062 1066 2107 brevis,

326 2127 555 2166 Commune
575 2138 773 2176 magnum
796 2137 804 2164 ζ
834 2125 949 2163 nulla
969 2123 1231 2175 decempedis

378 2190 540 2229 Metata
559 2188 734 2240 privatis
754 2201 930 2239 opacam

433 2253 623 2292 Porticus
643 2251 877 2303 excipiebat
898 2252 1068 2290 Arcton.

222 2330 322 2358 HOR.
347 2329 454 2358 I.·IV.

1374 464 1423 491 20

1375 1875 1423 1901 10

1373 2195 1421 2235 15
