1700 2573
628 149 739 177 ODEs
769 149 795 176 1.
827 149 888 186 32,
919 149 980 186 33.

419 261 517 299 Frui
535 261 691 312 paratis
711 265 752 300 et
773 260 911 299 valido
932 259 1046 305 mihi,

419 324 559 370 Latoe,
582 325 708 363 dones
729 337 776 363 ac
796 336 939 375 precor
959 323 1119 373 integra

471 387 575 427 Cum
594 392 744 433 mente,
766 400 840 426 nec
861 391 1026 438 turpem
1045 389 1254 424 senectam

524 452 680 502 Degere
699 464 774 490 nec
794 451 954 490 cithara
974 453 1195 488 carentem.

721 613 886 651 XXXII.

667 693 859 744 (Sapplzic
890 704 908 730 1
917 693 940 742 .)

365 774 588 813 Poscimur.
647 773 792 824 Siquid
811 773 932 811 vacui
952 772 1028 811 sub
1049 771 1195 810 umbra

364 836 555 876 Lusimus
576 841 726 882 tecum,
749 836 862 887 quod
881 841 922 874 et
941 836 1052 874 hunc
1072 836 1113 873 in
1134 846 1291 873 annum

363 899 490 939 Vivat
510 904 551 939 et
572 901 720 952 plures,
743 913 816 950 age
837 899 901 938 dic
922 899 1130 944 Latinum,

470 963 651 1009 Barbite,
673 976 851 1008 carmen,

364 1041 510 1080 Lesbio
530 1041 711 1092 primum
730 1040 942 1079 modulate
962 1039 1054 1083 civi,

363 1103 443 1154 Qui
461 1103 577 1142 ferox
596 1104 703 1142 bello
724 1109 865 1142 tamen
885 1103 993 1142 inter
1012 1116 1140 1149 arma,

363 1166 456 1205 Sive
476 1167 676 1206 iactatam
697 1166 888 1217 religarat
908 1166 991 1204 udo

468 1230 606 1269 Litore
625 1243 789 1275 navem,

363 1306 556 1345 Liberum
576 1311 616 1345 et
639 1307 777 1345 Musas
797 1306 1081 1357 Veneremque
1101 1310 1141 1344 et
1162 1305 1218 1344 illi

361 1369 529 1421 Semper
547 1370 786 1409 haerentem
805 1382 979 1421 puerum
1000 1369 1176 1408 canebat

362 1433 418 1472 Et
438 1433 597 1484 Lycum
617 1434 742 1484 nigris
761 1433 889 1472 oculis
908 1433 1106 1484 nigroque

467 1496 585 1535 Crine
605 1497 811 1535 decorum.

362 1573 397 1612 O
418 1574 542 1612 decus
562 1573 718 1612 Phoebi
738 1578 779 1612 et
799 1573 976 1625 dapibus
997 1573 1176 1624 supremi

362 1635 492 1675 Grata
512 1637 679 1675 testudo
701 1637 826 1682 Iovis,
847 1650 872 1675 0
891 1636 1078 1675 laborum

364 1699 492 1738 Dulce
511 1700 687 1738 lenimen
706 1700 1006 1750 medicumque,
1028 1699 1140 1737 salve

473 1763 568 1801 Rite
588 1763 757 1802 vocanti
779 1764 785 1801 ἔ

709 1911 882 1949 XXXIII
889 1941 897 1950 .

654 1991 703 2042 (A
711 1991 884 2042 sclepiad
901 1992 954 2041 4.)

418 2072 526 2118 Albi,
547 2085 598 2110 ne
618 2072 757 2110 doleas
776 2072 868 2122 plus
887 2072 1014 2110 nimio
1034 2084 1192 2110 memor

404 2180 406 2183 p
422 2135 586 2174 Inmitis
607 2135 803 2186 Glycerae
823 2148 904 2174 neu
922 2135 1173 2174 miserabiles

423 2198 629 2237 Decantes
649 2199 794 2249 elegos,
816 2211 887 2237 cur
906 2198 982 2237 tibi
1001 2198 1135 2236 iunior

477 2261 606 2300 Laesa
626 2261 856 2312 praeniteat
876 2261 968 2300 fide.

1404 143 1453 184 45

1405 456 1456 483 20

1402 1381 1450 1408 10
