1710 2604
231 167 279 206 74

794 167 969 196 HORACE

441 267 644 306 Somnum
663 267 877 306 reducent.
936 266 1115 306 Somnus
1135 268 1363 319 agrestium

441 331 564 370 Lenis
584 331 770 369 virorum
790 343 874 369 non
894 330 1071 370 humiles
1092 331 1239 371 domos

495 394 677 433 Fastidit
697 394 1024 445 umbrosamque
1043 394 1191 446 ripam,

547 457 644 496 Non
664 457 857 508 zephyris
877 457 1039 508 agitata
1060 462 1212 509 tempe.

440 573 760 612 Desiderantem
780 573 896 625 quod
915 573 1017 612 satis
1037 577 1100 612 est
1120 586 1256 625 neque

439 636 767 676 Tumultuosum
787 636 985 676 sollicitat
1006 649 1133 682 mare,

493 700 580 739 Nec
600 713 751 739 saevus
771 699 940 739 Arcturi
959 699 1149 739 cadentis

549 763 739 815 Impetus
760 767 835 802 aut
855 763 1027 802 orientis
1048 763 1197 810 Haedi,

438 879 535 918 Non
555 879 801 918 verberatae
821 879 1022 930 grandine
1043 879 1190 918 vineae

439 943 697 993 Fundusque
717 942 913 988 mendax,
936 942 1083 981 arbore
1102 955 1214 982 nunc
1235 956 1367 994 aquas

492 1006 712 1057 Culpante‚
735 1018 847 1044 nunc
868 1006 1072 1045 torrentia
1091 1019 1212 1057 agros

547 1069 703 1115 Sidera,
725 1082 837 1108 nunc
857 1068 1014 1108 hiemes
1033 1069 1211 1120 iniquas.

437 1186 666 1225 Contracta
686 1185 818 1236 pisces
839 1197 1022 1236 aequora
1041 1185 1231 1224 sentiunt

439 1249 567 1288 Iactis
587 1249 629 1288 in
650 1250 785 1288 altum
805 1248 986 1288 molibus
1008 1260 1016 1288 ε
1047 1247 1129 1287 huc
1149 1248 1345 1300 frequens

491 1312 720 1352 Caementa
740 1312 929 1351 demittit
949 1311 1190 1363 redemptor

545 1376 649 1415 Cum
671 1376 839 1414 famulis
859 1375 1139 1426 dominusque
1161 1380 1294 1415 terrae

438 1487 710 1526 Fastidiosus.
770 1486 852 1525 Sed
871 1485 1013 1525 Timor
1032 1489 1075 1525 et
1096 1485 1234 1525 Minae

438 1550 656 1590 Scandunt
677 1549 836 1595 eodem,
859 1562 943 1601 quo
964 1549 1172 1595 dominus,
1194 1562 1329 1602 neque

491 1613 668 1652 Decedit
689 1617 833 1652 aerata
854 1613 1013 1652 triremi
1033 1617 1075 1652 et

546 1677 646 1716 Post
667 1677 853 1728 equitem
874 1676 991 1715 sedet
1012 1680 1106 1715 atra
1126 1676 1246 1715 Cura.

436 1787 560 1838 Quod
579 1787 614 1827 si
634 1787 847 1827 dolentem
867 1799 943 1825 nec
965 1786 1171 1837 Phrygius
1191 1787 1297 1838 lapis

436 1851 524 1890 Nec
543 1863 826 1902 purpurarum
847 1850 979 1889 sidere
1000 1849 1148 1889 clarior

490 1914 658 1953 Delenit
678 1926 779 1953 usus
799 1926 875 1952 nec
896 1913 1073 1952 Falerna

544 1977 652 2016 Vitis
673 1976 1087 2027 Achaemeniumque
1108 1980 1272 2015 costum
1296 1988 1302 2015 :

436 2088 518 2127 Cur
537 2087 775 2127 invidendis
794 2086 987 2138 postibus
1008 2091 1050 2125 et
1070 2099 1182 2125 novo

437 2151 623 2190 Sublime
643 2151 728 2190 ritu
748 2150 897 2189 moliar
917 2149 1072 2189 atrium
1089 2149 1104 2188 ?

491 2215 573 2254 Cur
593 2216 700 2254 valle
721 2218 957 2266 permutem
979 2213 1134 2253 Sabina

545 2278 728 2317 Divitias
749 2277 1004 2329 operosiores
1021 2276 1035 2316 ?

1495 584 1543 625 25

1493 955 1545 994 30

1493 1325 1543 1364 35

1493 1689 1544 1728 40

1493 2096 1543 2137 45
