1700 2573
629 161 740 189 ODEs
770 161 795 189 1.
828 153 887 199 18,
921 163 981 203 19.
1410 165 1459 204 35

423 271 621 322 Suspecta
639 271 793 322 Cyrum
823 285 875 311 ne
895 273 1005 311 male
1022 273 1174 324 dispari
1402 287 1424 314 2
1429 285 1451 324 5

422 334 732 373 Incontinentes
751 335 892 376 iniciat
914 349 1062 375 manus

476 397 531 436 Et
551 397 714 436 scindat
734 398 972 437 haerentem
993 412 1188 438 coronam

529 460 717 499 Crinibus
738 461 1056 513 inmeritamque
1076 468 1253 503 vestem.

724 636 873 676 XVIII.

655 713 888 765 (Asclepiad
906 715 959 765 2.)

156 792 336 837 Nullam,
357 791 476 836 Vare,
498 803 613 830 sacra
632 790 717 829 vite
738 791 849 841 prius
869 791 1020 830 severis
1040 792 1228 832 arborem

156 856 271 895 Circa
290 855 390 893 mite
410 854 543 893 solum
561 853 724 892 Tiburis
744 858 784 892 et
805 854 968 892 moenia
987 854 1108 894 Catili
1127 868 1135 901 ;

158 919 281 958 Siccis
299 918 439 957 omnia
457 930 555 956 nam
575 917 678 956 dura
698 917 799 955 deus
819 918 1034 968 proposuit
1054 931 1189 970 neque

158 982 369 1021 Mordaces
388 981 506 1020 aliter
525 981 749 1031 diffugiunt
769 981 1076 1021 sollicitudines.

157 1059 257 1110 Quis
272 1063 365 1109 post
380 1058 478 1096 vina
492 1070 660 1108 gravem
675 1057 867 1096 militiam
882 1063 955 1096 aut
971 1060 1210 1110 pauperiem
1225 1067 1366 1112 crepat
1384 1061 1399 1100 Ρ
1431 1072 1453 1111 5

156 1122 257 1173 Quis
277 1134 360 1160 non
381 1126 423 1160 te
444 1120 594 1171 potius,
619 1120 780 1158 Bacche
801 1126 931 1170 pater,
956 1127 1091 1172 teque,
1115 1122 1262 1162 decens
1285 1124 1423 1163 Venus
1441 1125 1454 1163 ?

156 1186 212 1224 At
231 1197 282 1223 ne
302 1184 393 1235 quis
412 1183 563 1222 modici
583 1183 787 1221 transiliat
807 1196 979 1222 munera
999 1184 1145 1229 Liberi,

156 1248 386 1288 Centaurea
405 1250 547 1285 monet
567 1258 661 1285 cum
682 1246 869 1297 Lapithis
889 1247 978 1285 rixa
998 1260 1120 1298 super
1139 1261 1252 1288 mero

158 1325 387 1370 DebeHata,
408 1327 550 1362 monet
571 1323 768 1362 Sithoniis
788 1336 872 1362 non
892 1324 994 1363 levis
1015 1324 1188 1370 Euhius,

157 1389 262 1428 Cum
282 1387 344 1426 fas
364 1392 490 1437 atque
510 1386 625 1425 nefas
645 1386 792 1437 exiguo
812 1386 891 1424 fine
911 1387 1131 1426 libidinum
1410 1403 1458 1430 10

159 1452 407 1491 Discernunt
428 1449 551 1488 avidi.
609 1449 704 1487 Non
723 1461 797 1500 ego
818 1453 872 1494 te,
893 1450 1068 1489 candide
1088 1451 1304 1499 Bassareu,

160 1514 347 1553 Invitum
367 1513 555 1564 quatiam
574 1525 649 1551 nec
668 1512 793 1551 variis
813 1512 951 1551 obsita
971 1513 1188 1553 frondibus

159 1591 244 1631 Sub
264 1591 409 1629 divum
427 1589 599 1639 rapiam.
658 1588 791 1627 Saeva
811 1593 905 1627 tene
925 1602 1021 1628 cum
1041 1590 1290 1642 Berecyntio

159 1655 296 1694 Cornu
315 1658 531 1704 tympana,
553 1664 659 1703 quae
679 1651 946 1703 subsequitur
965 1665 1112 1692 caecus
1132 1667 1248 1693 amor
1268 1656 1343 1700 sui,

159 1718 216 1757 Et
236 1717 383 1756 tollens
403 1728 583 1754 vacuum
603 1715 695 1765 plus
714 1715 842 1753 nimio
861 1715 989 1766 gloria
1008 1716 1219 1763 verticem,
1415 1732 1461 1770 15

159 1780 392 1830 Arcanique
412 1778 513 1817 fides
532 1778 716 1828 prodiga,
738 1778 984 1829 perlucidior
1004 1779 1126 1819 vitro.

753 1943 864 1983 XIX.

657 2009 889 2061 (Asclepiad
907 2010 960 2060 3.)

319 2079 451 2118 Mater
470 2088 595 2115 saeva
613 2075 865 2126 Cupidinum

369 2143 673 2193 Thebanaeque
692 2142 806 2181 iubet
826 2155 892 2181 me
913 2142 1095 2182 Semelae
1116 2156 1218 2195 puer

317 2206 374 2246 Et
393 2205 547 2245 lasciva
566 2204 751 2243 Licentia

371 2268 518 2307 Finitis
537 2267 722 2307 animum
741 2268 909 2306 reddere
930 2268 1150 2308 amoribus.
