1710 2604
261 178 337 208 102

833 179 1010 208 HORACE

472 280 634 320 Summi
655 280 874 319 materiem
895 279 1008 326 mali,

523 343 757 388 Mittamus,
779 343 981 382 scelerum
1001 342 1035 382 si
1055 342 1160 382 bene
1181 342 1383 394 paenitet.
1525 351 1578 392 5ο

468 407 694 447 Eradenda
713 406 923 458 cupidinis

524 470 649 509 Pravi
668 475 768 509 sunt
789 470 998 509 elementa
1017 474 1059 509 et
1081 474 1249 509 tenerae
1268 469 1395 509 nimis

473 545 635 584 Mentes
655 544 936 595 asperioribus

521 608 786 647 Formandae
806 608 971 647 studiis.
1030 607 1174 647 Nescit
1195 620 1304 659 equo
1323 607 1439 647 rudis

470 671 652 711 Haerere
671 671 878 723 ingenuus
897 684 1000 723 puer
1525 680 1576 720 55

521 734 759 786 Venarique
781 735 918 780 timet,
940 735 1082 775 ludere
1102 734 1278 781 doctior,

469 809 550 848 Seu
571 808 730 848 Graeco
750 808 895 848 iubeas
917 808 1077 855 trocho,

522 872 604 911 Seu
624 871 744 911 malis
765 871 901 911 vetita
920 871 1081 922 legibus
1101 871 1205 917 alea,

469 936 573 976 Cum
593 936 759 988 periura
779 935 913 986 patris
934 935 1036 974 fides

523 999 768 1038 Consortem
788 999 949 1037 socium
970 998 1090 1037 fallat
1111 1003 1153 1037 et
1172 997 1396 1049 hospitem,
1525 997 1578 1036 60

471 1076 733 1127 Indignoque
753 1075 976 1127 pecuniam

524 1139 679 1178 Heredi
699 1142 908 1190 properet.
967 1138 1132 1177 Scilicet
1153 1136 1355 1189 inprobae

469 1203 646 1242 Cresunt
667 1202 842 1241 divitiae
862 1214 870 1248 ;
903 1206 1046 1241 tamen

523 1266 676 1305 Curtae
697 1265 835 1304 nescio
856 1265 959 1316 quid
979 1277 1142 1316 semper
1162 1263 1282 1303 abest
1302 1262 1373 1302 rei.

866 1412 992 1451 XXV.

761 1488 812 1539 (A
820 1487 998 1539 sclepiad
1018 1486 1072 1537 3.)

415 1575 508 1627 Quo
529 1588 607 1619 me,
629 1573 808 1618 Bacche,
830 1572 942 1624 rapis
963 1572 1026 1611 tui

469 1639 644 1677 Plenum
662 1637 677 1675 Ρ
719 1636 835 1687 Quae
848 1647 1021 1692 nemora
1036 1639 1110 1674 aut
1125 1647 1231 1686 quos
1246 1646 1345 1685 agor
1359 1633 1401 1673 in
1415 1646 1575 1688 specus¹

415 1702 547 1741 Velox
566 1704 709 1740 mente
729 1711 842 1738 nova
859 1698 873 1737 ?
934 1697 1096 1748 Quibus

468 1764 613 1804 Antris
633 1763 783 1815 egregii
804 1761 992 1801 Caesaris
1012 1761 1160 1800 audiar

414 1843 644 1881 Aeternum
666 1839 875 1878 meditans
895 1838 1022 1877 decus
1553 1845 1576 1886 5

469 1904 607 1944 Stellis
627 1904 805 1942 inserere
826 1906 868 1941 et
889 1901 1061 1940 consilio
1084 1900 1196 1939 Iovis
1213 1899 1229 1939 ?

415 1969 565 2008 Dicam
585 1967 757 2018 insigne,
781 1977 935 2010 recens,
959 1964 1097 2003 adhuc

470 2031 684 2070 Indictum
704 2041 773 2068 ore
794 2028 888 2067 alio.
948 2027 1043 2066 Non
1064 2039 1182 2066 secus
1202 2027 1244 2065 in
1266 2026 1371 2077 iugis

414 2107 639 2148 Exsomnis
659 2110 802 2156 stupet
824 2104 996 2149 Euhias,

470 2171 660 2210 Hebrum
681 2168 936 2220 prospiciens
956 2172 998 2206 et
1018 2167 1116 2205 nive
1136 2165 1361 2205 candidam
1527 2176 1577 2204 10

414 2235 603 2275 Thracen
624 2246 672 2272 ac
692 2232 798 2284 pede
818 2231 999 2270 barbaro

471 2298 714 2337 Lustratam
737 2294 984 2345 Rhodopen,
1007 2298 1055 2332 ut
1076 2292 1178 2331 mihi
1199 2292 1322 2331 devio
