1710 2604
236 163 310 202 118

804 175 980 205 HORACE

445 274 598 314 Merses
619 274 840 326 profundo,
863 274 1074 326 pulchrior
1093 276 1234 315 evenit
1255 287 1264 322 ;

445 337 633 384 Luctere,
656 339 791 378 multa
810 339 971 390 proruit
992 340 1204 391 integrum

497 401 601 441 Cum
621 401 745 441 laude
765 402 968 442 victorem
988 403 1179 455 geritque

552 465 713 504 Proelia
732 465 979 517 coniugibus
997 466 1222 518 loquenda.

444 541 686 594 Carthagini
705 543 790 582 iarn
810 556 894 582 non
915 556 990 595 ego
1010 544 1183 583 nuntios

444 605 614 645 Mittam
633 606 836 657 superbos
858 618 865 645 :
897 607 1064 654 occidit,
1085 607 1240 647 occidit

498 669 600 720 Spes
620 669 755 709 omnis
775 674 817 709 et
839 670 1011 710 fortuna
1029 671 1164 710 nostri

550 732 743 772 Nominis
764 733 1030 774 Hasdrubale
1050 734 1320 786 interempto.

442 809 513 849 Nil
532 809 730 850 Claudiae
749 824 834 850 non
855 811 1077 862 perficiunt
1097 824 1260 858 manus,

443 873 557 925 Quas
577 878 619 913 et
640 874 820 926 benigno
839 875 1011 914 numine
1034 875 1226 926 Iuppiter

497 937 711 984 Defendit,
733 942 775 977 et
795 950 918 977 curae
937 950 1107 989 sagaces

549 1001 794 1052 Expediunt
815 1014 889 1053 per
908 1005 1036 1041 acuta
1055 1001 1181 1040 belli.'

865 1145 914 1184 V.

733 1218 972 1270 (Asclepiad
989 1218 1046 1270 4.)

444 1296 563 1335 Divis
583 1300 673 1335 orte
693 1295 826 1342 bonis,
848 1296 1007 1347 optime
1030 1296 1235 1336 Romulae

443 1359 592 1399 Custos
611 1359 759 1411 gentis,
782 1359 882 1399 abes
901 1360 985 1399 iarn
1005 1359 1183 1399 nimium
1204 1360 1277 1399 diu
1298 1371 1306 1406 ;

443 1424 658 1463 Maturum
677 1423 861 1463 reditum
881 1423 1092 1475 pollicitus
1112 1428 1285 1475 patrum

496 1486 652 1526 Sancto
671 1486 846 1526 concilio
865 1487 967 1526 redi.

444 1564 600 1603 Lucem
618 1563 746 1604 redde
767 1567 878 1610 tuae,
901 1564 990 1603 dux
1009 1563 1130 1610 bone,
1153 1563 1315 1615 patriae
1338 1574 1345 1602 :

444 1627 585 1667 Instar
605 1627 714 1666 veris
734 1626 846 1666 enirn
865 1627 1008 1666 voltus
1028 1626 1101 1666 ubi
1121 1631 1220 1666 tuus

443 1691 629 1732 Adfulsit
650 1691 819 1742 populo,
841 1691 1000 1742 gratior
1019 1691 1053 1730 it
1073 1691 1162 1731 dies

497 1755 553 1793 Et
574 1755 680 1793 soles
701 1754 848 1793 melius
869 1754 1021 1793 nitent.

444 1832 504 1872 Ut
524 1835 660 1870 mater
679 1831 887 1877 iuvenem,
909 1843 1035 1883 quem
1055 1830 1194 1870 Notus
1213 1830 1359 1870 invido

444 1895 477 1934 F
479 1896 570 1935 latu
590 1894 807 1946 Carpathii
827 1898 944 1934 trans
963 1894 1090 1934 maris
1110 1907 1294 1947 aequora

444 1958 725 1998 Cunctantem
745 1958 884 2010 spatio
903 1958 1067 2010 longius
1087 1971 1229 1998 annuo

499 2021 622 2061 Dulci
642 2021 815 2060 distinet
836 2034 861 2060 a
880 2021 1019 2067 domo,

445 2099 566 2138 Votis
585 2098 879 2150 ominibusque
899 2102 942 2137 et
962 2097 1155 2149 precibus
1174 2101 1314 2144 vocat,

446 2162 584 2202 Curvo
604 2175 680 2201 nec
699 2162 850 2201 faciem
869 2161 990 2201 litore
1010 2161 1199 2201 dimovet
1222 2173 1230 2200 ε

447 2226 513 2265 Sic
533 2225 746 2265 desideriis
765 2225 851 2265 icta
869 2225 1063 2265 fidelibus

502 2289 675 2341 Quaerit
695 2289 834 2341 patria
854 2289 1085 2329 Caesarem.

1497 617 1550 658 70

1495 947 1545 989 75

1501 1905 1550 1934 10
