1679 2583
654 157 768 186 ODES
798 157 862 185 ΙΙΙ.
894 157 931 185 2.

763 257 817 296 ΙΙ.

695 331 883 384 (Αἶεαίε.)

346 419 581 470 Angustam
602 417 732 457 amice
753 416 994 468 pauperiem
1014 414 1105 466 pati

347 482 563 521 Robustus
584 481 667 520 acri
687 479 838 518 militia
856 491 959 530 puer

400 544 622 583 Condiscat
643 547 684 582 et
706 541 884 581 Parthos
904 541 1059 579 feroces

451 607 585 645 Vexet
606 618 731 656 eques
751 603 1001 643 metuendus
1020 602 1157 647 hasta,

346 696 571 747 Vitamque
590 695 668 734 sub
688 695 787 733 divo
807 698 849 732 et
871 692 1043 743 trepidis
1063 695 1160 742 agat

346 759 396 797 In
416 758 550 797 rebus.
610 758 734 796 Illum
754 770 806 795 ex
825 755 1042 794 moenibus
1062 752 1233 792 hosticis

399 821 592 860 Matrona
611 820 805 858 bellantis
826 818 996 869 tyranni

453 883 710 935 Prospiciens
730 887 772 921 et
793 882 939 921 adulta
958 880 1075 931 virgo

345 973 532 1023 Suspiret
555 984 562 1011 :
596 972 603 985 ‘
624 971 741 1016 eheu,
763 983 814 1009 ne
834 970 948 1008 rudis
968 968 1182 1019 agminum

345 1036 529 1087 Sponsus
549 1035 724 1074 lacessat
744 1033 879 1084 regius
900 1044 1093 1083 asperum

397 1098 532 1137 Tactu
551 1099 725 1142 leonem,
748 1109 873 1147 quem
893 1099 1066 1134 cruenta

452 1161 530 1199 Per
548 1160 707 1198 medias
727 1159 837 1210 rapit
857 1159 918 1197 ira
938 1156 1112 1196 caedes.'

344 1246 475 1284 Dulce
495 1248 537 1283 et
558 1244 796 1283 decorumst
816 1255 891 1294 pro
911 1241 1048 1293 patria
1068 1240 1186 1279 mori.

343 1309 454 1347 Mors
474 1311 516 1346 et
536 1307 727 1357 fugacem
747 1305 1010 1357 persequitur
1029 1304 1180 1348 virum,

396 1371 484 1409 Nec
503 1370 638 1421 parcit
658 1369 819 1407 inbellis
840 1369 1036 1406 iuventae

452 1431 687 1483 Poplitibus
707 1431 939 1480 timidoque
960 1434 1088 1480 tergo.

343 1518 498 1562 Virtus,
520 1516 709 1567 repulsae
728 1515 867 1554 nescia
886 1514 1089 1559 sordidae,

345 1579 616 1619 Intaminatis
636 1579 766 1629 fulget
785 1577 1025 1622 honoribus,

395 1643 482 1681 Nec
501 1642 630 1681 sumit
651 1646 725 1680 aut
747 1641 866 1692 ponit
886 1652 1048 1679 secures

450 1704 635 1743 Arbitrio
655 1703 866 1754 popularis
887 1715 1023 1741 aurae.

344 1790 499 1835 Virtus,
521 1788 736 1827 recludens
756 1786 959 1825 inmeritis
978 1786 1082 1824 mori

345 1855 526 1899 Caelum,
549 1857 702 1904 negata
721 1856 905 1903 temptat
926 1852 1004 1890 iter
1022 1851 1104 1896 via,

397 1917 632 1966 Coetusque
652 1916 839 1965 volgares
859 1919 901 1953 et
921 1914 1049 1952 udam

450 1979 616 2030 Spernit
635 1978 811 2016 humum
831 1977 1015 2027 fugiente
1035 1976 1176 2027 pinna.

343 2065 421 2103 Est
441 2067 483 2102 et
503 2063 615 2101 fideli
635 2067 729 2101 tuta
750 2062 913 2101 silentio

343 2127 498 2165 Merces
520 2138 527 2165 :
559 2125 726 2171 vetabo,
749 2125 821 2175 qui
841 2124 995 2163 Cereris
1015 2135 1178 2162 sacrum

397 2188 583 2239 Volgarit
604 2200 791 2233 arcanae,
813 2186 890 2226 sub
910 2186 1041 2225 isdem

450 2251 512 2290 Sit
533 2250 722 2290 trabibus
742 2250 982 2301 sragilemve
1002 2260 1165 2287 mecum

1394 1039 1442 1066 10

1394 1374 1440 1412 15

1391 1710 1441 1737 20

1390 2068 1436 2106 25
